2112 2901
367 768 485 798 1450—1

515 133 585 169 108

567 221 615 251 To
633 221 687 251 the
705 220 849 251 Chcrrief
865 220 899 250 os
916 220 970 251 the
987 224 1122 251 countee
1135 221 1169 251 of
1186 221 1394 252 Deuenshire.
1434 222 1518 252 Item
1535 222 1726 253 semblables
1742 222 1853 254 letters

512 273 546 301 to
561 270 615 301 the
630 270 761 309 justices
775 270 808 300 of
824 280 897 308 pees
911 270 1009 308 there,
1025 270 1084 301 sire
1098 270 1238 301 William
1254 271 1400 302 Bonevill
1412 272 1431 289 ¹¹
1448 271 1584 310 knyght,
1599 272 1739 303 William
1752 272 1855 303 Bour-

512 320 597 351 chier
611 321 631 338 ¹²
647 320 760 358 Squier
774 320 839 351 and
855 320 995 350 william
1011 320 1200 351 Hendeston
1214 322 1235 338 ¹³
1251 321 1386 352 mutatis
1402 321 1576 352 mutandis.

798 143 919 168 CASES
946 143 1105 168 BEFORE
1133 143 1212 168 THE
1240 144 1378 169 KING’S
1405 144 1581 170 COUNCIL

566 410 622 441 viii
643 411 692 441 die
713 411 796 441 Maii
815 411 910 441 Anno
930 414 990 441 etc.
1012 411 1085 441 xxii.
1130 411 1198 442 Rex
1218 412 1306 450 apud
1326 412 1648 443 Westmonasterium
1669 412 1708 443 de
1728 412 1855 443 aduisa-

511 464 622 491 mento
641 461 690 491 sui
707 460 830 491 concilii
850 461 1020 492 mandauit
1040 461 1165 491 custodi
1187 461 1306 499 priuati
1326 461 1418 500 sigilli
1438 462 1563 492 litteras
1583 462 1649 493 fieri
1670 462 1773 493 facere
1794 462 1854 493 sub

511 510 623 540 eodem
644 510 745 549 sigillo
765 510 942 541 secundum
963 510 1100 541 formam
1123 511 1374 549 suprascriptam
1396 512 1597 550 presentibus
1618 512 1755 542 dominis
1776 511 1854 542 Car-

512 560 610 590 dinali
626 560 747 598 Anglie,
766 560 974 598 Cancellario,
993 560 1153 599 Episcopo
1169 561 1310 591 Bathon⁷
1327 564 1360 592 et
1375 561 1480 592 aliis.¹¹
1534 561 1682 600 [Siquedd
1717 562 1854 592 KENT.¹⁵

723 690 902 718 RELEASE
924 690 973 717 OF
994 690 1077 718 THE
1098 690 1292 719 SURETIES
1314 690 1363 719 OF
1384 690 1489 719 JOHN
1512 691 1643 719 DAVY¹

567 759 691 790 Placita
708 769 815 789 coram
833 759 963 789 domino
981 759 1068 797 Rege
1085 759 1117 789 in
1135 760 1334 790 Cancellaria
1351 770 1409 791 sua
1425 760 1513 798 apud
1530 760 1853 791 Westmonasterium

511 809 662 840 vicesimo
675 812 791 847 quarto
804 809 854 839 die
866 809 1003 847 Augusti
1015 820 1100 840 anno
1113 810 1199 848 regni
1212 810 1308 848 Regis
1320 810 1451 841 Henrici
1463 810 1543 840 sexti
1555 814 1629 848 post
1641 812 1853 848 conquestum

511 859 662 889 vicesimo
678 862 805 889 octauo.

566 908 818 939 Memoranduln
846 908 933 946 quod
961 908 1112 938 vicesimo
1140 912 1257 946 quarto
1286 909 1336 939 die
1363 909 1501 947 Augusti
1529 919 1615 940 anno
1642 909 1730 947 regni
1758 909 1854 947 Regis

511 958 642 989 Heni-ici
663 958 744 988 sexti
765 957 917 988 vicesimo
938 961 1055 988 octauo
1077 958 1254 989 IVillelmus
1276 959 1431 997 Rawelyn
1444 960 1454 976 ²
1476 959 1515 989 de
1537 958 1681 996 London,
1705 959 1855 996 B1·ewe1·‚³

510 1008 616 1038 Adam
639 1008 666 1037 T
669 1018 769 1045 urvey
792 1007 830 1037 de
853 1007 998 1044 London,
1023 1008 1158 1045 Brewer,
1182 1008 1324 1038 Thomas
1346 1008 1464 1046 Smyth
1486 1008 1525 1039 de
1548 1008 1692 1045 London,
1716 1008 1852 1045 Brewer,

511 1057 688 1088 Willehnus
711 1057 839 1088 Nicholl
863 1057 902 1087 de
926 1057 1070 1095 London,
1096 1058 1231 1095 Brewer,
1258 1058 1417 1089 Iohannes
1441 1058 1622 1096 Wykeham
1646 1058 1684 1088 de
1708 1057 1853 1095 London,

509 1118 640 1146 yoman,
661 1110 694 1137 et
714 1107 857 1137 Thomas
877 1107 1047 1146 Mollesley
1067 1107 1106 1138 de
1127 1108 1271 1145 London,
1294 1108 1429 1146 Drover,
1452 1118 1559 1139 coram
1579 1107 1692 1138 eodem
1712 1107 1854 1138 Domino

510 1157 542 1188 in
559 1157 759 1188 Cancellaria
774 1167 832 1187 sua
848 1157 1057 1195 personaliter
1071 1158 1240 1188 constituti
1254 1161 1509 1196 manuccperunt
1522 1167 1579 1196 pro
1595 1157 1740 1188 Iohanne
1756 1157 1854 1195 Davy

510 1207 550 1238 de
573 1207 718 1244 London,
742 1207 878 1244 Brewer,
903 1207 1053 1237 videlicet
1076 1207 1211 1245 quilibet
1234 1218 1344 1238 eorum
1367 1218 1482 1246 corpus
1505 1217 1562 1246 pro
1586 1217 1716 1245 corpore
1739 1210 1772 1237 et
1794 1207 1854 1237 sub

510 1267 594 1295 pena
614 1257 700 1287 mille
720 1256 884 1294 librarum,
908 1257 995 1295 quod
1016 1257 1101 1287 idem
1123 1257 1283 1288 Iohannes
1304 1257 1403 1296 Davy
1424 1257 1634 1295 personaliter
1654 1256 1855 1295 comparebit

510 1317 618 1338 coram
640 1306 726 1337 dicto
748 1306 878 1336 domino
899 1307 986 1345 Rege
1006 1307 1039 1337 in
1060 1307 1260 1338 Cancellaria
1280 1317 1338 1337 sua
1359 1307 1503 1345 predicta
1523 1306 1574 1337 vel
1595 1316 1703 1337 coram
1724 1305 1854 1337 consilio

510 1367 568 1387 suo
584 1367 679 1394 super
696 1356 805 1387 debita
822 1356 1060 1394 premunicione
1077 1357 1179 1387 eidem
1198 1357 1335 1387 Iohanni
1348 1357 1447 1395 Davy
1461 1367 1498 1387 ex
1514 1359 1606 1395 parte
1623 1355 1745 1387 domini
1758 1355 1855 1394 Regis

510 1406 688 1444 supradicti
707 1405 864 1443 facienda,
886 1406 1081 1444 ubicumque
1101 1406 1186 1437 idem
1207 1407 1356 1437 dominus
1376 1407 1445 1437 Rex
1465 1409 1523 1437 aut
1543 1406 1667 1437 dictum
1687 1405 1854 1436 consilium

510 1466 604 1487 suum
626 1455 693 1486 fore
715 1455 885 1494 contigerit
906 1456 939 1486 in
960 1456 1085 1495 Anglia,
1109 1456 1150 1486 ad
1173 1456 1432 1494 respondendum
1453 1466 1548 1494 super
1570 1456 1630 1486 hiis
1652 1466 1714 1494 que
1735 1455 1795 1486 sibi
1817 1465 1855 1485 ex

510 1509 602 1544 parte
621 1505 698 1536 dicti
717 1505 838 1535 domini
856 1506 952 1544 Regis
970 1506 1150 1536 obicientur
1167 1509 1244 1537 tunc
1262 1506 1391 1544 ibidem,
1411 1509 1444 1537 et
1461 1506 1503 1536 ad
1520 1505 1703 1536 faciendum
1720 1504 1855 1535 ulterius

509 1559 543 1586 et
555 1555 773 1594 recipiendum
785 1556 872 1594 quod
885 1555 983 1586 Curia
995 1559 1106 1586 nostra
1119 1556 1369 1587 considerauerit
1380 1556 1413 1586 in
1425 1556 1484 1587 hac
1497 1558 1598 1594 parte,
1613 1565 1711 1594 quam
1723 1554 1853 1593 quiden]

510 1615 671 1636 summam
700 1605 836 1643 quilibet
863 1607 1159 1644 111111111030101111114
1187 1606 1404 1644 predictorum
1439 1605 1595 1637 concessit
1629 1605 1667 1636 de
1701 1604 1793 1635 terris
1822 1606 1856 1634 et

510 1655 635 1686 catallis
657 1655 721 1685 suis
743 1655 785 1686 ad
807 1665 888 1693 opus
910 1655 988 1686 dicti
1011 1655 1132 1686 domini
1154 1656 1251 1694 Regis
1272 1655 1455 1693 leuandam,
1478 1655 1505 1686 si
1526 1654 1671 1693 prefatus
1694 1654 1853 1685 Iohannes

510 1705 609 1743 Davy
629 1715 737 1736 coram
757 1704 883 1743 prefato
904 1705 1034 1736 domino
1054 1706 1141 1744 Rege
1161 1705 1193 1735 in
1214 1705 1414 1736 Cancellaria
1433 1715 1491 1736 sua
1511 1705 1656 1743 predicta
1675 1704 1726 1735 vel
1746 1713 1854 1734 coram

511 1755 597 1786 dicto
624 1754 754 1785 consilio
782 1765 840 1785 suo
867 1755 900 1785 in
928 1755 1031 1786 forma
1054 1755 1199 1793 predicta
1221 1755 1431 1793 personaliter
1452 1765 1517 1785 non
1540 1753 1765 1792 comparuerit.
1810 1753 1854 1783 Et

510 1808 633 1843 postea,
656 1804 806 1835 videlicet
828 1804 979 1835 vicesimo
1001 1808 1118 1836 octauo
1141 1805 1192 1835 die
1214 1805 1296 1835 Maii
1319 1808 1397 1835 111110
1419 1804 1561 1843 proxime
1583 1803 1747 1842 sequentis
1768 1802 1854 1833 idem

510 1854 671 1884 Iohannes
683 1854 781 1892 Davy
795 1854 931 1892 protulit
944 1854 1118 1885 venerabili
1133 1854 1217 1892 patri
1232 1854 1369 1885 Iohanni
1383 1853 1548 1885 Cardinali
1562 1856 1594 1884 et
1605 1852 1854 1891 Archiepiscopo

509 1903 830 1941 Eb01·',Cancellario
843 1904 981 1942 Anglie,5
997 1904 1030 1934 in
1047 1904 1246 1935 Cancellaria
1263 1904 1407 1942 predicta
1424 1903 1589 1942 quoddam
1605 1903 1702 1933 breve
1719 1901 1855 1941 predicti

547 1984 563 1998 ¹¹
582 1981 707 2008 Steward
730 1982 759 2008 of
782 1981 830 2008 the
853 1982 945 2015 duchy
969 1983 998 2009 of
1021 1983 1158 2009 Cornwall

513 2020 632 2045 1438—52
651 2020 719 2050 (Cal.
737 2020 795 2045 Pan.
812 2021 846 2046 30
861 2020 932 2046 Hen.
949 2020 996 2052 VI,
1013 2021 1086 2052 526),
1103 2020 1159 2052 jus-

511 2057 564 2083 tice
578 2056 607 2083 os
621 2056 668 2083 the
683 2065 766 2089 peace
780 2057 808 2082 in
823 2057 968 2090 Cornwall,
986 2059 1114 2090 1442—51‚
1130 2057 1159 2083 in

511 2094 656 2125 Somerset,
668 2095 795 2126 1441—42,
805 2095 860 2120 and
869 2094 897 2120 in
908 2095 1015 2127 Devon,
1029 2096 1157 2122 1443044.

547 2133 566 2148 ¹²
583 2132 620 2157 Of
633 2132 807 2164 Fitzwarren,
821 2132 920 2164 justice
933 2132 961 2158 of
974 2132 1022 2158 the
1035 2142 1117 2165 peace
1131 2132 1159 2158 in

510 2169 680 2201 Shropshire,
701 2171 828 2201 1443-45,
843 2170 899 2196 and
919 2170 947 2196 in
968 2171 1075 2202 Devon,
1093 2171 1159 2196 1444

511 2206 567 2233 and
582 2207 709 2232 1447—51.

547 2245 565 2260 ¹³
583 2244 599 2269 J
601 2244 687 2270 ustiee
697 2244 725 2270 of
734 2243 782 2270 the
790 2253 873 2276 peace
882 2244 910 2270 in
920 2245 1027 2277 Devon,
1039 2246 1159 2271 1443-44

510 2281 566 2307 and
581 2282 709 2307 1447-51.

547 2320 565 2334 ¹⁴
583 2318 650 2345 This
669 2318 843 2345 commission
861 2322 891 2346 to
908 2319 1015 2352 inquire
1033 2319 1092 2346 into
1111 2319 1158 2346 the

511 2358 614 2381 matter
633 2365 688 2382 was
708 2356 799 2382 issued
821 2358 852 2383 12
874 2357 955 2390 May;
987 2357 1010 2383 it
1029 2357 1158 2384 included

1206 1982 1253 2009 the
1264 1992 1358 2009 names
1370 1982 1427 2009 also
1439 1982 1467 2008 of
1478 1982 1551 2008 John
1563 1981 1671 2008 Giffard
1682 1981 1738 2007 and
1749 1980 1854 2007 several

1205 2019 1306 2046 others.
1339 2021 1396 2046 Cal.
1411 2020 1470 2045 Pan.
1485 2021 1545 2046 288.

1241 2059 1261 2074 ¹⁵
1281 2058 1389 2084 Master
1402 2057 1524 2084 Thomas
1538 2057 1623 2088 Kent,
1639 2056 1736 2082 doctor
1749 2055 1777 2081 of
1791 2055 1853 2082 civil

1205 2095 1261 2121 and
1283 2104 1371 2121 canon
1393 2094 1452 2126 law,
1475 2094 1611 2127 probably
1633 2102 1650 2120 a
1671 2093 1804 2125 graduate
1826 2092 1854 2119 of

1206 2132 1380 2164 Cambridge,
1399 2132 1455 2158 and
1471 2131 1588 2164 reputed
1603 2131 1646 2157 for
1663 2130 1704 2157 his
1721 2130 1852 2162 learning.

1207 2170 1250 2196 He
1265 2178 1320 2196 was
1334 2169 1422 2196 either
1436 2178 1472 2195 an
1487 2168 1638 2195 unfrocked
1653 2168 1809 2200 clergyman
1823 2176 1855 2193 or

1206 2216 1223 2233 a
1244 2207 1364 2240 layman,
1387 2207 1430 2233 for
1451 2206 1485 2233 he
1507 2206 1563 2232 had
1584 2214 1620 2232 an
1641 2204 1854 2237 acknowledged

1206 2245 1276 2271 wife.
1312 2245 1355 2271 He
1373 2244 1484 2270 became
1502 2243 1575 2270 clerk
1591 2243 1620 2269 of
1637 2242 1685 2269 the
1702 2242 1808 2269 couneil
1825 2241 1853 2267 in

1208 2283 1283 2314 14431
1297 2285 1328 2308 at
1344 2282 1392 2308 the
1403 2290 1479 2308 same
1495 2281 1562 2307 time
1578 2280 1642 2307 that
1658 2280 1692 2306 he
1703 2288 1759 2306 was
1772 2279 1854 2306 made

1205 2320 1357 2351 secondary
1373 2318 1446 2345 clerk
1462 2318 1491 2344 in
1507 2318 1555 2344 the
1571 2318 1648 2344 office
1664 2317 1693 2344 of
1708 2316 1756 2343 the
1772 2317 1853 2349 privy

1204 2356 1261 2383 seal
1283 2357 1360 2388 (ibid.
1380 2357 1444 2387 235)
1451 2363 1457 2388 ;
1487 2355 1521 2382 he
1541 2364 1596 2382 was
1616 2354 1767 2388 appointed
1789 2353 1853 2380 sub-
