2112 2901
294 713 362 735 Estor
373 713 449 734 vendu

470 181 493 215 4
753 189 875 215 CASES
901 188 1060 214 BEFORE
1084 188 1165 213 THE
1189 187 1327 214 KING’S
1352 187 1528 215 COUNCIL

528 267 555 298 E
576 267 605 298 xl
629 270 777 306 quarters
793 266 832 297 de
848 266 930 305 Orge
946 265 1072 296 venduz
1088 265 1116 296 16
1132 268 1264 305 quarter

1260 325 1279 346 a
1295 314 1335 354 xij
1354 314 1385 346 d.
1402 314 1442 346 ke
1457 314 1542 353 byen
1557 314 1668 353 valeyt
1683 314 1736 354 xvj
1755 313 1810 345 d.²⁷

528 367 555 397 E
571 366 635 405 xliij
653 369 800 405 quarters
816 364 855 396 de
871 366 1003 403 Aueyne
1019 364 1145 395 venduz
1161 364 1189 395 16
1205 368 1336 403 quarter

1260 425 1279 445 a
1294 413 1336 453 xij
1355 413 1385 444 d.
1402 413 1442 445 ke
1457 413 1541 452 byen
1557 413 1669 452 valeyt
1685 413 1737 452 xvj
1756 412 1811 444 d.³³

528 465 571 496 Et
587 464 607 504 ij
626 468 773 503 quarters
788 463 827 495 de
843 465 929 503 Poys
944 463 1071 495 venduz
1087 463 1115 495 16
1130 467 1262 502 quarter

1237 524 1256 544 a
1271 513 1312 552 xij
1331 513 1361 544 (1.
1378 513 1418 544 ke
1433 512 1518 551 byen
1533 512 1644 551 valeyt
1661 512 1736 551 xviij
1755 511 1811 542 d.³⁰

529 564 556 594 E
571 564 646 603 feyn
663 563 748 595 foere
763 574 780 594 6
796 563 902 602 paylle
917 562 1042 594 venduz
1059 573 1119 601 pur
1135 573 1154 594 x
1169 573 1245 594 souz
1342 563 1382 594 ke
1397 563 1481 601 byen
1497 562 1608 601 valeyt
1625 587 1631 593 .
1651 587 1657 593 .
1676 587 1682 593 .
1699 563 1811 594 souz.³²

528 614 556 644 E
571 624 633 645 une
649 613 793 644 charette
808 613 916 644 vendu
931 624 951 644 a
967 624 985 643 x
1000 623 1075 644 souz
1304 613 1343 644 ke
1358 612 1443 651 byen
1459 612 1569 651 valeyt
1584 612 1637 651 xiij
1655 622 1679 643 5.
1696 612 1739 651 iiij
1758 611 1814 642 d.³⁴

528 713 592 752 xvij
630 712 720 744 boefs
755 712 881 744 venduz
917 713 944 744 le
980 712 1054 743 boef
1087 723 1106 744 a
1141 712 1196 751 viij
1227 723 1303 744 souz

1305 762 1344 793 ke
1373 761 1457 800 byen
1487 761 1597 800 valeyt
1626 761 1667 800 xij
1699 762 1810 793 souz.¹⁷

529 813 557 843 E
572 812 592 851 ij
610 813 745 844 Jumenz
761 811 887 843 venduz
904 822 964 850 pur
979 811 1042 850 xiiij
1060 822 1084 843 5.
1390 812 1429 842 ke
1445 811 1529 850 byen
1545 811 1655 850 valeyt
1671 821 1710 841 xx
1725 821 1811 842 souz.

528 863 556 893 E
571 862 614 901 vij
633 862 733 893 bouez
749 861 788 893 de
804 861 882 893 deus
897 873 957 893 anz
973 861 1094 893 checun
1110 861 1218 892 vendu

1103 922 1122 942 a
1138 911 1169 950 iij
1187 921 1211 942 5.
1229 911 1268 942 ke
1284 910 1368 949 byen
1384 910 1494 948 valeyt
1510 921 1531 941 v
1545 920 1622 942 souz
1638 910 1670 949 vj
1689 909 1812 941 deners.

529 962 556 992 E
572 962 592 1000 ij
611 962 718 992 Bouez
734 972 866 992 suranez
883 961 1008 992 venduz
1024 971 1043 991 a
1058 960 1102 999 iiij
1119 971 1195 992 souz
1373 960 1412 991 ke
1428 960 1512 998 byen
1528 960 1639 998 valeyt
1653 959 1686 998 vj
1704 960 1815 991 souz.³⁵

529 1012 557 1042 Ε
572 1011 592 1050 ij
611 1012 737 1042 Ε510136
753 1010 878 1042 venduz
895 1021 954 1049 pur
970 1021 990 1041 v
1005 1021 1081 1041 souz
1454 1010 1493 1040 ke
1508 1009 1593 1048 byen
1608 1009 1719 1048 valeyt
1743 1033 1749 1040 .
1775 1033 1781 1040 .
1807 1033 1813 1039 .

530 1061 557 1091 Ε
571 1061 581 1100 j
600 1061 720 1098 Poleyn
736 1060 844 1091 vendu
860 1071 920 1099 pur
936 1060 967 1099 vj
986 1059 1098 1091 deners
1452 1059 1491 1090 ke
1506 1059 1591 1097 byen
1608 1059 1718 1097 valeyt
1743 1083 1748 1089 .
1775 1083 1781 1089 .
1807 1083 1814 1089 .

528 1111 555 1141 E
569 1110 626 1150 viij
645 1110 759 1141 Berbiz
775 1110 901 1141 venduz
917 1110 945 1141 le
960 1110 1074 1141 Berbiz
1090 1120 1109 1140 a
1125 1109 1188 1149 xvij
1207 1109 1263 1140 d.³⁷
1452 1109 1491 1140 ke
1506 1109 1592 1147 byen
1607 1109 1718 1147 valeyt
1743 1132 1749 1139 .
1775 1132 1781 1139 .
1807 1132 1813 1139 .

531 1161 624 1191 Estre
643 1171 697 1191 ceo
716 1160 771 1199 viij
793 1160 935 1198 chapons
952 1159 1007 1198 viij
1029 1159 1181 1198 GeHynes
1199 1163 1315 1190 wastez
1334 1170 1351 1190 e
1369 1158 1519 1197 destruyt
1538 1169 1596 1197 par
1613 1158 1757 1190 Thomas
1776 1157 1816 1190 de

475 1209 630 1242 Bouedon
655 1234 661 1240 .
687 1234 693 1240 .
719 1234 725 1240 .

531 1260 577 1291 La
592 1260 722 1291 Somme
737 1259 776 1291 de
791 1259 822 1290 la
837 1263 934 1290 vente
949 1259 988 1290 de
1003 1259 1105 1297 byens
1120 1259 1224 1290 Huwe
1239 1258 1268 1290 16
1283 1258 1417 1297 Tayllur

1004 1308 1130 1340 venduz
1145 1320 1165 1340 a
1179 1308 1399 1347 Hulprington
1414 1318 1431 1339 6
1446 1318 1466 1339 a
1481 1307 1671 1346 Wamberge
1687 1307 1717 1338 xl
1742 1331 1748 1338 .
1774 1332 1780 1338 .
1807 1332 1813 1338 .

531 1360 577 1390 La
593 1360 722 1390 Somme
737 1358 776 1390 de
792 1359 822 1390 la
838 1369 968 1397 veri-eye
983 1358 1078 1390 value
1094 1358 1132 1390 de
1148 1358 1249 1397 byens
1264 1358 1428 1396 auantdyt
1443 1357 1495 1396 lxij
1522 1382 1529 1388 .
1554 1382 1561 1388 .
1586 1382 1593 1388 .

532 1458 725 1496 [Endorsed.·]
751 1483 757 1489 .
783 1483 789 1489 .
815 1483 821 1489 .
845 1469 878 1489 re
903 1458 969 1489 Sire
993 1457 1079 1489 John
1103 1457 1142 1489 de
1164 1458 1300 1489 Wotton
1322 1461 1355 1488 et
1378 1457 1520 1488 Thomas
1543 1456 1582 1488 de
1607 1456 1815 1488 Bouedonne.

476 1509 572 1547 Hugo
591 1508 619 1539 le
637 1508 759 1546 Taylur
777 1508 869 1546 ponit
888 1508 957 1539 1060
975 1518 1033 1539 5110
1052 1507 1230 1539 Iohannem
1248 1507 1372 1546 Turpin
1390 1510 1423 1538 et
1442 1506 1551 1538 David
1570 1506 1610 1538 de
1629 1507 1756 1538 Putone
1774 1506 1816 1538 ad

476 1558 673 1597 loquendum
689 1568 745 1596 pro
761 1568 808 1589 eo.

532 1608 621 1639 Data
636 1611 685 1639 est
700 1607 767 1639 dies
783 1607 929 1646 partibus
945 1608 988 1646 [in
1004 1608 1145 1639 crastino
1160 1606 1264 1638 sancti
1281 1606 1420 1645 Hillarii]
1434 1607 1456 1625 ³³

532 1658 649 1689 Postea
666 1657 755 1689 venit
771 1657 933 1696 predictus
949 1658 1045 1695 Hugo
1061 1668 1168 1688 coram
1184 1657 1358 1688 auditore³⁹
1372 1656 1404 1687 in
1421 1655 1561 1687 crastino
1577 1655 1818 1687 Purificaciom's

477 1707 571 1738 beate
587 1708 692 1738 Marie
708 1717 793 1738 anno
810 1708 879 1738 xx⁴⁰
894 1711 927 1738 et
943 1707 1088 1745 queritur
1103 1706 1142 1738 de
1162 1706 1306 1745 predicto
1321 1706 1491 1737 Salamone
1507 1709 1603 1744 prout
1618 1705 1651 1736 in
1670 1705 1747 1736 billa
1761 1715 1819 1737 sua

477 1757 670 1788 continetur.
709 1757 753 1788 Et
769 1757 919 1788 Salamon
938 1756 1027 1787 venit
1049 1767 1104 1794 per
1125 1756 1418 1787 attachiamenturn
1440 1766 1496 1793 per
1518 1758 1707 1794 preceptum
1728 1754 1820 1786 audi-

477 1807 565 1838 toris.
612 1807 655 1837 Et
679 1806 829 1837 Salomon
853 1806 931 1837 dicit
954 1806 1041 1845 quod
1064 1816 1128 1837 non
1152 1806 1251 1837 habet
1275 1805 1359 1836 diem
1383 1805 1433 1836 hic
1458 1815 1514 1843 per
1536 1804 1819 1836 continuacionem

478 1856 588 1895 placiti
606 1866 663 1887 nec
682 1866 827 1894 unquam
845 1856 923 1887 alias
941 1855 1067 1886 audiuit
1085 1855 1207 1895 aliquid
1226 1855 1265 1886 de
1284 1854 1428 1894 predicta
1446 1854 1532 1885 billa.
1574 1855 1617 1885 Et
1636 1854 1713 1893 quia
1732 1864 1819 1885 com-

479 1909 606 1945 pertum
626 1909 674 1937 est
693 1905 779 1944 quod
799 1905 943 1944 predicta
962 1905 1037 1936 billa
1056 1905 1134 1936 alias
1153 1905 1215 1936 fuit
1234 1904 1390 1943 placitata
1409 1915 1466 1935 1166
1485 1904 1593 1943 aliqua
1613 1903 1818 1935 continuacio

479 1955 553 1986 inde
573 1955 730 1993 reperitur
749 1955 932 1993 reperitur⁴¹
956 1955 987 1985 in
1010 1954 1123 1986 rotulis
1147 1965 1201 1993 per
1224 1954 1311 1993 quod
1335 1953 1497 1992 predictus
1520 1953 1671 1985 Salomon
1695 1953 1820 1984 nullum

479 2005 594 2036 habuit
610 2005 660 2036 hic
677 2005 761 2036 diem
775 2004 816 2036 ad
830 2015 967 2043 presens.
1006 2005 1141 2036 Dictum
1158 2007 1206 2036 est
1224 2004 1367 2042 predicto
1384 2003 1514 2042 Hugoni
1531 2003 1649 2042 qu0d⁴²
1674 2027 1680 2034 .
1706 2027 1713 2034 .
1739 2027 1746 2034 .
1771 2006 1820 2035 est

523 2077 543 2092 ³⁴
562 2077 600 2102 As
612 2076 660 2102 the
672 2079 740 2108 cart,
751 2075 799 2102 the
809 2075 908 2102 wheels
918 2075 1059 2108 excepted,
1071 2084 1127 2101 was
1179 2075 1294 2101 Η510(1.”
1334 2075 1444 2101 Η8101”
1464 2075 1506 2100 for
1521 2083 1538 2101 a
1553 2082 1646 2107 young
1666 2074 1776 2101 bullock
1791 2082 1823 2101 or

479 2113 578 2145 chiefly
593 2113 675 2139 made
688 2116 718 2139 at
733 2113 822 2145 home,
839 2113 887 2139 the
899 2113 986 2145 prices
999 2113 1028 2139 of
1039 2113 1127 2139 whole
1175 2116 1248 2140 51661·
1268 2120 1355 2139 5661115
1376 2115 1406 2138 10
1426 2112 1461 2139 be
1478 2120 1495 2138 a
1515 2112 1729 2144 north-country
1747 2111 1823 2138 word

480 2154 553 2176 carts
568 2151 681 2177 entered
696 2151 732 2183 by
746 2150 870 2176 Thorold
883 2151 988 2182 Rogers
999 2159 1046 2176 are
1056 2159 1125 2176 rare.
1177 2150 1338 2182 nowadays;
1354 2149 1377 2176 it
1396 2158 1451 2175 was
1470 2149 1605 2182 probably
1623 2157 1699 2176 more
1714 2148 1823 2182 general

479 2188 569 2214 There
587 2188 618 2220 is,
639 2188 774 2220 however,
793 2197 854 2220 one,
874 2187 982 2220 bought
995 2191 1025 2214 at
1039 2187 1127 2214 Marl-
1176 2187 1204 2213 in
1218 2188 1266 2214 the
1280 2187 1346 2214 13111
1360 2190 1485 2219 century.

479 2225 612 2258 borough‚
646 2225 714 2251 with
744 2225 914 2251 iton-bound
938 2225 1045 2257 wheels,
1079 2225 1127 2251 the
1222 2226 1242 2241 ³⁷
1260 2225 1321 2250 The
1331 2233 1449 2256 average
1461 2224 1535 2256 price
1544 2223 1573 2250 of
1584 2223 1691 2250 ewesin
1702 2224 1824 2250 1288-89

480 2266 553 2289 most
577 2263 725 2295 expensive
750 2263 825 2295 kjnd‚
851 2263 894 2289 for
918 2262 1052 2295 precisely
1071 2262 1127 2288 this
1177 2271 1234 2288 was
1248 2262 1309 2288 lld.
1347 2262 1452 2293 Rogers
1464 2262 1482 2288 i.
1496 2262 1558 2288 352.

479 2308 541 2326 sum
555 2300 583 2326 of
599 2302 652 2326 13s.
668 2300 713 2326 4d.
744 2301 856 2333 Rogers,
870 2300 897 2326 ii.
910 2301 970 2333 522,
985 2300 1020 2326 cf.
1032 2300 1050 2326 i.
1064 2301 1125 2326 542.
1222 2301 1242 2316 ³⁸
1260 2299 1362 2326 Struck
1391 2298 1520 2330 through.
1571 2299 1609 2324 As
1633 2297 1675 2324 St.
1701 2297 1824 2331 Hilary's

525 2338 544 2353 ²⁵
564 2337 675 2363 Double
704 2337 751 2363 the
780 2337 925 2363 valuation
954 2337 982 2363 of
1007 2337 1055 2363 1116
1079 2337 1126 2363 old
1178 2337 1242 2369 Day
1255 2336 1279 2362 is
1294 2338 1325 2363 13
1339 2337 1411 2368 Jan.,
1426 2336 1482 2362 this
1496 2335 1587 2362 would
1600 2335 1635 2361 be
1650 2336 1682 2361 14
1695 2335 1758 2362 Jan.

480 2374 606 2400 bullocks
619 2374 679 2400 sold
692 2374 790 2400 above.
1221 2375 1241 2390 ³⁹
1259 2374 1320 2400 The
1349 2373 1425 2400 word
1456 2373 1547 2399 shows
1578 2373 1642 2398 that
1674 2372 1731 2398 this
1762 2380 1825 2399 case

525 2413 545 2428 ³⁶
563 2412 616 2443 Qu.
654 2412 669 2424 ‘¹
682 2414 768 2438 stotts
781 2411 797 2424 ’⁹
827 2412 899 2438 from
930 2411 1125 2444 Anglo-Saxon
1177 2419 1233 2437 was
1250 2419 1303 2437 one
1320 2411 1348 2437 oi
1365 2411 1445 2437 those
1462 2410 1523 2437 into
1536 2410 1626 2436 which
1643 2409 1755 2442 inquiry
1768 2417 1824 2436 was
