2112 2901
487 158 533 195 75
767 170 888 194 CASES
915 169 1074 194 BEFORE
1102 169 1182 194 THE
1210 168 1348 194 KING’S
1375 169 1552 195 COUNCIL

486 246 657 277 fluencium
676 246 917 278 consueuissent
933 250 966 277 et
982 246 1049 285 jam
1067 256 1123 285 per
1140 246 1270 285 aliquod
1288 250 1416 284 tempus
1433 257 1544 277 omnes
1560 246 1605 277 illi
1621 247 1677 286 qui
1694 247 1733 278 de
1750 258 1833 279 mes-

486 296 561 327 teris
590 296 651 327 illis
679 307 711 326 se
740 306 807 327 esse
835 296 973 327 dixerint
1002 300 1071 327 tam
1101 295 1243 327 extranei
1272 306 1371 334 quam
1399 295 1452 326 alii
1480 296 1598 334 shopas
1625 296 1657 326 in
1686 297 1833 329 Ciuitate

485 346 629 384 predicta
644 357 701 384 pro
713 356 823 377 eorum
834 345 1005 377 voluntate
1020 345 1163 384 ceperint
1176 349 1209 377 et
1222 345 1368 377 mesteris
1380 345 1442 376 illis
1455 345 1503 377 usi
1517 345 1637 377 fuerint
1651 356 1706 384 per
1718 346 1830 386 hujus-

484 395 571 426 modi
592 400 760 426 extraneos
780 395 969 434 irregulatos
989 399 1021 426 et
1041 396 1081 426 de
1097 405 1208 426 eorum
1228 395 1407 426 defectibus
1426 405 1490 426 non
1512 399 1671 427 correctos
1687 396 1831 435 dampna

484 445 723 483 quamplurima
741 445 885 483 pluribus
902 449 971 476 tam
989 445 1028 476 de
1046 445 1190 476 Ciuitate
1208 445 1261 476 illa
1278 455 1376 483 quam
1394 444 1463 476 aliis
1480 445 1597 483 pluries
1614 445 1780 477 euenerint
1796 446 1828 477 in

483 495 671 525 scandalum
691 495 864 533 proborinn
884 495 1052 526 hominum
1077 495 1116 525 de
1139 495 1258 526 eisdem
1280 494 1426 525 mesteris
1450 495 1591 526 Velimus
1610 495 1740 526 Gildam
1760 505 1830 534 pre-

483 544 604 575 dictam
620 545 800 583 approbare
815 548 848 575 et
863 555 935 575 eam
950 544 1135 575 hominibus
1150 545 1189 575 de
1205 544 1350 575 mesteris
1365 544 1517 583 predictis
1532 544 1564 574 in
1581 544 1668 576 dicta
1684 545 1831 577 Ciuitate

483 594 758 625 commorantibus
783 595 971 625 confirmare
995 594 1055 625 sibi
1079 598 1112 626 et
1135 594 1370 626 successoribus
1394 594 1459 625 suis
1482 594 1720 632 imperpetuum
1745 595 1829 626 obti-

481 644 621 674 nendam
636 645 705 675 Nos
718 655 828 675 eorum
842 644 1072 682 supplicacioni
1085 644 1117 674 in
1132 644 1191 675 hac
1205 647 1297 682 parte
1310 647 1490 675 annuentes
1504 644 1682 682 predictam
1696 644 1827 676 Gildam

482 697 592 725 tenore
614 694 813 732 presencium
835 698 1042 732 acceptamus
1063 698 1096 725 et
1116 694 1345 732 approbamus.
1389 693 1541 725 Volentes
1562 697 1594 725 et
1616 694 1829 726 concedentes

481 754 538 782 pro
556 744 648 775 nobis
665 748 698 775 et
714 744 885 775 heredibus
901 744 1019 775 nostris
1036 744 1122 782 quod
1140 744 1285 775 homines
1302 743 1341 774 de
1357 743 1503 774 mesteris
1520 743 1673 782 predictis
1689 743 1721 774 in
1739 743 1827 775 Ciui-

481 797 550 824 tate
572 793 716 832 predicta
738 798 770 825 et
791 804 987 825 successores
1008 794 1057 825 sui
1078 793 1209 825 Gildam
1231 804 1323 824 suam
1344 793 1441 824 semel
1462 793 1493 823 in
1516 803 1601 824 anno
1622 797 1719 831 prout
1742 793 1827 825 anti-

480 843 591 882 quitus
609 843 675 874 fieri
694 844 861 875 consueuit
878 843 996 874 habere
1013 847 1045 875 et
1063 847 1171 874 tenere
1186 844 1196 862 ⁷
1213 847 1246 874 et
1263 843 1294 873 in
1312 853 1350 874 ea
1366 846 1521 874 mesteras
1538 853 1612 874 suas
1629 843 1776 874 ordinare
1793 847 1826 875 et

480 893 623 931 regulare
646 898 677 925 et
700 893 846 924 defectus
867 893 1065 924 seruientum
1088 904 1219 924 suorum
1241 892 1459 931 predictorum
1482 903 1538 930 per
1559 892 1664 923 visum
1687 892 1827 932 Majoris

480 943 634 974 Ciuitatis
655 943 797 981 predicte
812 944 823 962 ⁸
842 943 897 981 qui
917 954 974 981 pro
994 947 1139 981 tempore
1159 942 1256 973 fuerit
1275 942 1326 972 vel
1346 942 1482 981 alicujus
1501 952 1597 980 quem
1617 942 1686 973 loco
1706 953 1763 973 suo
1784 943 1825 973 ad

480 992 539 1023 1100
555 993 761 1031 deputauerit
778 997 810 1024 et
826 1003 882 1031 per
896 992 1060 1030 probiores
1076 996 1109 1023 et
1128 992 1230 1031 magis
1249 992 1442 1023 sufficientes
1457 991 1603 1022 homines
1620 992 1659 1022 de
1678 992 1825 1023 mesteris

479 1042 540 1073 illis
566 1043 720 1081 corrigere
746 1046 778 1073 et
804 1042 975 1073 emendare
1001 1042 1125 1080 possint
1152 1045 1248 1080 prout
1274 1041 1315 1072 ad
1341 1041 1498 1080 majorem
1523 1041 1701 1072 utilitatem
1728 1042 1825 1072 Com-

478 1092 650 1123 munitatis
671 1093 782 1130 populi
803 1092 905 1123 nostri
926 1092 1067 1123 viderint
1089 1092 1282 1123 faciendum.
1326 1091 1370 1122 Et
1391 1091 1478 1129 quod
1499 1091 1606 1122 nullus
1627 1090 1710 1122 infra
1731 1091 1825 1122 liber-

479 1145 582 1173 tatem
603 1142 757 1173 Ciuitatis
777 1142 920 1180 predicte
938 1152 1083 1173 mensam
1103 1141 1155 1172 vel
1174 1141 1310 1179 shopam
1329 1141 1369 1172 de
1388 1141 1534 1172 mesteris
1553 1140 1613 1172 illis
1633 1144 1743 1172 teneat
1763 1141 1823 1172 nisi

479 1191 521 1223 sit
538 1192 578 1223 de
595 1192 744 1223 libertate
759 1192 912 1223 Ciuitatis
928 1192 1011 1223 illius
1027 1193 1095 1222 Nec
1112 1191 1227 1230 aliquis
1243 1191 1284 1222 ad
1301 1191 1484 1222 libertatem
1501 1190 1589 1221 illam
1606 1201 1664 1229 pro
1677 1191 1824 1222 mesteris

479 1241 540 1273 illis
555 1242 751 1273 admittatur
765 1242 825 1273 nisi
841 1252 897 1280 per
912 1242 1029 1280 probos
1044 1244 1077 1272 et
1092 1241 1208 1280 legales
1222 1241 1368 1272 homines
1383 1241 1422 1271 de
1437 1240 1557 1271 eisdem
1572 1240 1717 1271 mesteris
1732 1240 1824 1272 testi-

478 1292 592 1323 ficetur
612 1292 699 1330 quod
720 1292 824 1323 bonus
844 1291 945 1322 fidelis
966 1295 998 1322 et
1017 1291 1164 1329 ydoneus
1184 1290 1226 1322 sit
1246 1301 1303 1329 pro
1324 1290 1452 1321 eisdem.
1496 1290 1534 1320 In
1556 1290 1647 1329 cujus
1667 1290 1711 1321 rei
1732 1290 1823 1321 testi-

477 1341 623 1373 monium
645 1341 703 1372 has
726 1341 835 1372 literas
853 1344 980 1372 nostras
1000 1341 1067 1371 fieri
1086 1340 1220 1371 fecimus
1241 1344 1400 1378 patentes.
1448 1340 1545 1371 Teste
1566 1350 1617 1370 1110
1640 1339 1709 1378 ipso
1732 1340 1820 1378 apud

476 1391 800 1423 Westmonasterium
823 1402 842 1421 x
864 1391 915 1422 die
938 1390 1055 1422 Marcii
1077 1401 1163 1421 anno
1185 1390 1273 1429 regni
1300 1393 1411 1421 nostro
1438 1389 1567 1428 primo.⁹
1618 1390 1688 1420 Nos
1710 1393 1820 1421 autem

476 1444 621 1472 tenorem
642 1441 807 1472 literarum
827 1444 1011 1472 nostrarum
1032 1440 1250 1479 predictarum
1271 1440 1330 1471 sub
1351 1439 1452 1478 sigillo
1468 1450 1532 1478 quo
1548 1449 1633 1470 nunc
1650 1439 1772 1470 utimur
1787 1439 1819 1470 in

476 1491 619 1529 Anglia10
637 1491 786 1522 duximus
803 1490 1139 1529 exemplificandum.ll
1178 1490 1215 1520 In
1233 1490 1325 1528 cujus
1341 1489 1386 1520 rei
1402 1489 1624 1521 testimonium
1639 1488 1697 1520 has
1710 1488 1820 1520 literas

475 1544 602 1572 nostras
633 1541 699 1572 fieri
729 1541 863 1572 fecimus
893 1544 1053 1579 patentes.
1114 1540 1211 1571 Teste
1235 1550 1287 1570 me
1312 1539 1381 1578 ipso
1407 1539 1493 1577 apud
1524 1538 1644 1577 Langle
1658 1539 1679 1557 ¹²
1708 1538 1740 1577 vj
1768 1539 1820 1570 die

475 1591 641 1622 Februarii
669 1601 754 1622 anno
782 1590 870 1629 regni
897 1590 999 1622 nostri
1027 1589 1141 1628 Anglie
1168 1589 1283 1628 quinto
1311 1589 1435 1620 decimo
1450 1589 1470 1607 ¹³
1498 1588 1585 1627 regni
1613 1599 1689 1619 vero
1716 1588 1819 1620 nostri

475 1641 608 1671 Francie
626 1641 801 1671 secundo.14
832 1641 877 1671 La
888 1640 980 1679 quele
994 1640 1121 1671 chartre
1137 1639 1166 1670 le
1180 1639 1229 1670 dit
1243 1639 1333 1670 Sieur
1348 1638 1464 1669 Nichol
1480 1638 1635 1669 Brembre
1649 1637 1731 1676 prist
1744 1638 1819 1669 hors

474 1690 525 1721 del
544 1690 723 1729 possession
742 1690 785 1721 du
805 1690 853 1721 dit
871 1690 1002 1721 mestier
1020 1693 1172 1721 encontre
1190 1689 1221 1720 la
1240 1699 1355 1720 corone
1373 1692 1482 1720 nostre
1500 1688 1628 1727 seignur
1645 1687 1674 1719 10
1693 1688 1766 1727 Roy
1785 1691 1818 1720 et

519 1779 527 1795 ⁷
547 1778 606 1803 The
619 1778 716 1804 license
729 1778 757 1804 of
769 1778 889 1804 Edward
903 1778 915 1803 Ι
932 1778 969 1807 (11.
983 1779 1007 1809 4,
1022 1778 1117 1810 supra)

472 1816 633 1841 authorized
654 1815 729 1841 them
750 1819 779 1841 to
797 1815 895 1841 choose
914 1815 984 1840 their
999 1815 1119 1840 Masters

472 1853 527 1879 and
557 1853 684 1878 Workcrs
714 1862 749 1878 011
779 1853 826 1878 the
856 1852 1034 1878 midsummer
1063 1852 1118 1884 day

471 1890 574 1922 yearly.
607 1890 700 1921 Clode,
715 1899 742 1922 p.
756 1891 780 1915 2.

519 1929 528 1944 Β
547 1927 726 1959 Presumably
742 1927 797 1953 this
812 1936 867 1953 was
883 1927 1037 1952 Brembre's
1052 1935 1118 1952 war-

471 1969 535 1991 raut
564 1965 606 1990 for
635 1965 822 1991 interference.
871 1965 914 1990 An
943 1964 1066 1996 example
1096 1964 1118 1989 is

471 2002 551 2034 given
573 2003 610 2034 by
632 2002 718 2028 Clode
739 2002 766 2028 of
788 2002 835 2027 the
856 2002 920 2028 date
942 2002 969 2027 of
993 2003 1067 2033 1371,
1089 2002 1117 2027 111

471 2040 559 2065 which
579 2040 625 2065 the
645 2049 741 2072 mayor
760 2040 815 2065 and
834 2039 972 2065 aldermen
992 2039 1117 2065 sanction

470 2077 621 2109 regulative
640 2077 802 2103 ordinances
820 2077 973 2103 submitted
992 2080 1021 2102 to
1041 2077 1116 2102 them

471 2115 507 2147 by
521 2115 568 2140 the
582 2123 727 2147 company.
760 2115 801 2140 Ib.
816 2123 842 2146 p.
857 2116 916 2140 513.

517 2154 525 2168 ⁹
547 2153 621 2178 1327.
674 2152 760 2178 Clode
794 2152 915 2184 wrongly
949 2152 1028 2177 dates
1062 2151 1117 2177 this

470 2189 578 2215 charter
594 2191 668 2216 1326.
701 2190 742 2215 Il).
756 2199 803 2222 pp.
818 2191 842 2221 2,
859 2191 916 2215 189.

506 2229 525 2243 111
543 2227 696 2259 According
720 2230 749 2253 to
774 2227 821 2253 the
841 2227 981 2258 Gataloque
999 2227 1028 2258 os
1049 2226 1116 2252 Pho-

469 2265 589 2296 loqraphs
611 2265 639 2296 os
657 2265 732 2290 Seals
752 2266 783 2290 in
804 2265 843 2290 [he
864 2265 966 2290 British
988 2264 1021 2289 M
1026 2273 1114 2289 liscum

472 2303 559 2333 (1872,
574 2305 614 2334 pt.
633 2302 678 2333 vii,
697 2303 769 2334 959),
787 2302 862 2327 there
880 2310 948 2327 were
966 2305 1021 2327 two
1039 2304 1115 2333 great

468 2339 545 2371 seals,
563 2339 723 2371 quartering
740 2339 787 2365 the
804 2347 877 2365 arms
893 2339 921 2364 of
939 2339 1050 2370 France,
1069 2339 1114 2364 be-

469 2379 555 2402 tween
579 2378 645 2402 1340
665 2377 720 2402 and
743 2377 817 2408 1374,
840 2376 887 2402 the
907 2377 966 2402 first
986 2376 1067 2408 being
1087 2376 1114 2401 in

1171 1786 1218 1802 use
1239 1777 1309 1802 from
1330 1778 1346 1802 S
1368 1776 1517 1808 February,
1542 1776 1609 1801 1340
1631 1778 1659 1801 to
1681 1776 1714 1800 20
1735 1775 1814 1807 June,

1173 1816 1247 1845 1340,
1265 1814 1320 1840 and
1337 1814 1383 1839 the
1399 1813 1499 1839 second
1514 1813 1585 1838 from
1601 1813 1633 1838 21
1650 1813 1729 1844 June,
1749 1814 1816 1838 1340

1172 1855 1199 1877 to
1222 1853 1296 1877 1374.
1334 1851 1402 1876 This
1420 1854 1571 1876 statement
1590 1850 1655 1876 does
1674 1853 1723 1875 not
1742 1858 1814 1875 seem

1170 1889 1322 1920 altogether
1344 1888 1493 1913 consistent
1517 1887 1584 1913 with
1606 1887 1653 1913 the
1675 1887 1813 1913 evidence.

1169 1926 1228 1952 The
1241 1928 1462 1952 announcement
1475 1925 1503 1951 of
1516 1925 1563 1951 the
1576 1925 1680 1956 change
1693 1924 1721 1950 of
1733 1924 1812 1956 style,

1170 1964 1235 1989 with
1252 1963 1341 1989 notice
1358 1966 1387 1989 to
1404 1963 1450 1989 the
1466 1962 1572 1988 sheriffs
1587 1965 1616 1988 to
1633 1961 1742 1994 publish
1759 1962 1813 1988 and

1169 2001 1272 2027 exhibit
1297 2000 1471 2032 impressions
1495 2000 1523 2025 of
1548 1999 1595 2025 the
1619 2008 1678 2025 new
1703 1999 1765 2031 seal,
1791 1999 1814 2025 is

1169 2039 1252 2064 dated
1268 2039 1299 2063 21
1319 2038 1467 2070 February,
1487 2039 1518 2062 14
1534 2037 1586 2063 Ed.
1604 2037 1657 2068 ΙΙΙ,
1675 2037 1729 2062 and
1745 2036 1767 2062 is
1784 2039 1814 2062 to

1169 2076 1202 2102 be
1218 2076 1304 2102 found
1321 2075 1430 2108 printed
1447 2075 1474 2100 in
1491 2075 1548 2100 Rot.
1566 2075 1638 2100 Pari.
1656 2074 1681 2106 ii,
1700 2075 1758 2105 450,
1778 2073 1811 2099 cf.

1169 2114 1243 2139 Close
1257 2114 1337 2145 Rolls,
1354 2115 1385 2139 14
1399 2113 1450 2138 Ed.
1466 2113 1518 2144 ΙΙΙ,
1533 2115 1573 2144 pt.
1590 2113 1611 2143 1,
1627 2120 1653 2144 p.
1668 2112 1728 2137 457.
1761 2112 1776 2123 ‘¹
1789 2112 1812 2137 A

1168 2151 1256 2183 newly
1269 2151 1348 2176 made
1361 2153 1437 2182 great
1449 2150 1503 2176 seal
1516 2149 1604 2175 which
1616 2149 1649 2175 he
1664 2148 1722 2179 (the
1733 2148 1810 2180 king)

1168 2188 1222 2214 had
1240 2188 1359 2220 brought
1377 2191 1406 2214 to
1424 2187 1552 2219 England
1569 2187 1640 2212 from
1658 2194 1747 2212 across
1765 2186 1812 2211 the

1167 2235 1213 2252 sea
1226 2226 1240 2237 ’⁷
1262 2234 1317 2252 was
1337 2225 1474 2251 delivered
1494 2224 1532 2256 by
1551 2224 1598 2250 the
1619 2223 1684 2255 king
1703 2223 1812 2248 himself

1167 2272 1202 2289 on
1221 2265 1231 2289 1
1251 2263 1358 2295 March,
1377 2264 1452 2294 1340,
1469 2265 1498 2288 to
1514 2261 1556 2287 Sir
1571 2261 1643 2287 John
1660 2261 1693 2286 de
1709 2260 1811 2286 Sancto

1167 2301 1261 2332 Paulo,
1276 2301 1374 2332 keeper
1388 2300 1416 2325 of
1430 2299 1477 2325 the
1490 2299 1635 2330 Chaneery
1649 2297 1732 2329 Rolls,
1748 2297 1811 2323 who

1166 2338 1343 2364 surrendered
1362 2337 1504 2364 “another
1523 2339 1598 2368 great
1618 2335 1672 2361 seal
1689 2334 1810 2367 deputed

1166 2375 1193 2401 in
1212 2375 1254 2401 his
1272 2375 1389 2407 custody
1408 2374 1505 2406 during
1523 2374 1570 2400 the
1588 2373 1676 2405 king's
1694 2372 1810 2398 absence
