2112 2901
522 153 591 189 100
800 162 921 187 CAsEs
948 161 1107 186 BEFORE
1135 161 1214 186 THE
1242 161 1380 186 KING’s
1408 161 1584 187 COUNCIL

519 240 662 271 whether
678 240 733 270 the
749 239 820 270 olde
837 239 932 270 letter
947 239 986 269 be
1004 239 1090 269 elene
1106 249 1196 277 awey
1212 249 1247 270 as
1263 249 1303 277 ye
1319 249 1457 277 suppose
1473 249 1508 269 or
1528 249 1570 269 no
1590 242 1650 269 etc.
1690 239 1733 269 Et
1753 239 1861 277 quoad

519 290 578 320 hoc
592 290 676 320 idem
691 290 854 320 Robertus
866 289 996 327 insuper
1009 288 1144 327 protulit
1157 288 1321 327 quandam
1335 288 1432 319 aliam
1445 288 1587 319 litteram
1600 288 1699 327 ipsius
1712 288 1862 319 Willelmi

519 339 752 377 responsoriam
767 339 868 369 eciam
883 338 1011 376 propria
1025 348 1123 369 manu
1138 348 1195 369 sua
1209 338 1362 376 scriptam
1377 341 1409 368 et
1423 338 1526 368 eidem
1539 338 1558 369 J
1561 338 1680 369 ohanni
1695 338 1860 376 directam,

518 389 549 419 in
575 400 639 427 qua
662 389 722 419 iste
746 388 886 419 clausule
909 391 1079 426 sequentes
1102 388 1185 418 inter
1208 387 1271 418 alia
1295 387 1514 418 continentur:
1550 388 1595 418 As
1618 387 1784 426 touchyng
1806 387 1862 418 the

518 439 613 476 clerk,
634 439 673 469 he
692 448 756 469 was
774 438 857 476 busy
875 438 995 469 aboute
1013 437 1106 468 othcr
1124 438 1262 475 thynges
1281 437 1352 468 ther
1370 437 1471 474 while,
1491 437 1540 468 for
1558 438 1573 467 Ι
1593 437 1634 467 do
1652 447 1717 475 you
1735 440 1770 467 to
1788 437 1862 468 wite

518 488 590 519 that
608 488 655 518 hit
672 498 735 518 was
750 488 782 518 in
798 498 817 518 a
832 487 916 525 large
932 487 1022 524 hous,
1038 487 1103 518 and
1119 487 1174 518 the
1189 487 1260 517 olde
1275 487 1370 517 letter
1384 487 1410 517 is
1425 487 1512 517 elene
1527 497 1616 525 awey
1631 497 1666 518 as
1682 487 1696 517 I
1712 497 1860 525 suppose,

517 542 579 568 etc.
626 538 752 568 Deinde
776 537 861 568 idem
886 537 1048 568 Robertus
1073 536 1208 575 protulit
1232 537 1397 575 quandam
1421 537 1517 567 aliam
1542 537 1667 574 copiam
1692 536 1862 575 cujusdam

518 587 650 618 alterius
668 587 773 618 littere
792 587 920 617 nomine
939 587 1074 625 predicti
1092 587 1249 617 Johannis
1267 586 1352 617 facte
1373 586 1425 623 [et]
1444 586 1547 617 eidem
1565 586 1724 617 Willelmo
1743 586 1862 617 directe

518 637 697 676 predictam
713 647 857 668 rasuram
873 637 974 668 eciam
991 636 1220 674 concernentis,
1237 636 1269 666 in
1285 647 1350 674 qua
1365 636 1427 667 ista
1443 636 1585 667 clausula
1603 636 1686 666 inter
1705 636 1768 666 alia
1788 646 1862 667 con-

518 687 654 718 tinetur:
686 687 759 717 And
778 687 845 718 also
864 687 878 717 I
898 686 983 725 preie
1001 697 1065 724 you
1084 686 1201 724 hertily
1219 686 1354 717 sendeth
1372 696 1423 716 me
1442 686 1520 724 redy
1538 686 1627 716 wurd
1646 686 1789 716 whether
1806 685 1862 716 the

517 737 589 768 olde
603 737 698 767 letter
714 737 745 767 in
762 737 817 767 the
833 737 942 767 record
959 737 1002 774 by
1016 736 1083 766 iore
1098 739 1159 767 etc.
1174 746 1254 766 were
1270 746 1355 774 evyn
1371 736 1401 766 xl
1417 746 1452 766 as
1468 736 1522 766 the
1538 746 1625 766 newe
1641 735 1667 766 is
1682 745 1781 773 nowe,
1796 735 1861 766 and

518 787 654 825 nothing
671 797 758 817 more
775 797 815 816 ne
831 786 922 823 lasse,
941 797 976 816 or
992 786 1071 824 ellys
1088 796 1175 816 more
1192 796 1227 816 as
1244 786 1319 824 xliiij
1340 796 1375 816 or
1391 796 1410 816 a
1427 786 1542 816 nother
1559 796 1690 822 senune,
1707 785 1756 815 for
1772 788 1827 823 yet
1845 785 1860 815 Ι

518 837 620 867 000(Ιο
638 847 735 867 neuer
752 836 945 866 undirstond
964 836 1035 866 that
1056 835 1161 873 clerly,
1181 835 1230 866 for
1247 846 1320 866 men
1339 836 1435 873 speke
1453 835 1568 866 muehe
1586 835 1659 866 that
1678 835 1749 865 ther
1767 834 1862 865 shuld

519 886 558 917 be
575 897 594 917 a
612 890 681 924 gret
699 896 793 924 space
811 896 889 924 seyn
907 886 990 916 after
1008 885 1063 915 the
1081 886 1237 915 norunbre
1254 889 1315 915 etc.
1368 885 1411 915 Et
1429 885 1536 923 quoad
1554 885 1650 915 istam
1668 884 1810 915 litteram
1829 888 1862 915 et

518 936 695 967 clausulam
718 935 881 974 predictus
903 935 1065 965 Robertus
1087 935 1236 965 Danvers
1258 935 1393 973 protulit
1415 934 1579 972 quandam
1601 934 1697 965 aliam
1719 934 1862 964 litteram

519 985 597 1016 dicti
614 985 763 1016 Willelmi
781 985 1014 1023 responsoriam
1032 984 1160 1022 propria
1177 995 1275 1015 manu
1293 995 1360 1021 sua,
1379 987 1416 1014 ut
1434 984 1614 1022 predictum
1631 987 1689 1021 est,
1708 983 1862 1021 scriptam

518 1038 551 1066 et
567 1035 711 1073 predicto
727 1035 745 1065 J
748 1035 868 1065 ohanni
884 1035 1049 1071 directam,
1067 1034 1098 1064 in
1115 1045 1180 1072 qua
1195 1034 1255 1064 iste
1272 1034 1411 1065 clausule
1426 1037 1596 1072 sequentes
1612 1033 1696 1064 inter
1710 1033 1773 1064 alia
1789 1043 1863 1064 con-

518 1085 677 1116 tinentur:
700 1084 773 1115 And
791 1095 826 1115 as
843 1084 1009 1122 touchyng
1026 1084 1081 1114 the
1099 1084 1170 1115 olde
1187 1084 1282 1114 letter
1299 1084 1331 1114 in
1349 1084 1404 1114 the
1424 1084 1544 1121 recordy
1564 1084 1578 1113 Ι
1599 1094 1682 1114 sawe
1703 1083 1728 1113 it
1748 1083 1863 1114 nether

518 1145 606 1165 more
622 1145 662 1165 ne
678 1134 759 1165 losse
776 1134 853 1164 then
870 1134 900 1164 xl
917 1134 1083 1164 noumbre.
1121 1134 1195 1164 And
1212 1134 1284 1164 ther
1300 1137 1334 1164 to
1351 1133 1431 1172 sayd
1448 1144 1503 1171 my
1520 1133 1674 1164 Maisters
1690 1133 1828 1171 Martyn
1842 1133 1863 1151 ¹⁶

519 1184 759 1222 Cottesmore,¹⁷
772 1184 837 1215 and
851 1184 972 1215 Paston
985 1185 1006 1202 ¹⁸
1023 1183 1094 1214 that
1110 1183 1136 1214 it
1151 1194 1216 1214 was
1231 1183 1275 1221 by
1289 1183 1365 1221 fore,
1382 1187 1454 1220 etc,
1469 1183 1524 1214 the
1540 1183 1673 1213 nombre
1689 1182 1722 1213 of
1737 1182 1860 1221 xxiiijffi,

518 1234 583 1265 and
599 1234 739 1264 therfore
754 1244 789 1264 as
804 1233 970 1272 touchyng
985 1234 1056 1264 that
1074 1233 1210 1272 neyther
1224 1237 1349 1264 avaunt
1364 1244 1422 1263 nor
1436 1243 1524 1264 arere
1538 1234 1559 1251 ¹⁹
1573 1243 1608 1264 as
1624 1236 1659 1263 to
1674 1242 1725 1262 me
1740 1232 1772 1262 in
1787 1232 1862 1263 that

518 1294 600 1321 case,
617 1287 678 1314 etc.
716 1284 760 1314 Et
775 1294 870 1322 super
885 1283 945 1313 hoc
962 1283 1124 1321 predictus
1140 1283 1303 1314 Robertus
1319 1283 1468 1314 Danvers
1484 1282 1579 1321 peciit
1595 1282 1682 1320 quod
1698 1281 1861 1320 predictus

518 1333 695 1364 Willelmus
712 1336 846 1364 vocetur
861 1333 993 1371 singulis
1010 1333 1161 1371 predictis
1177 1333 1276 1371 copiis
1292 1332 1407 1363 litteris
1423 1336 1456 1363 et
1472 1332 1645 1363 euidenciis
1661 1342 1771 1362 versus
1787 1342 1862 1362 eum

517 1383 663 1421 superius
677 1383 822 1421 allegatis
837 1393 944 1413 coram
960 1382 1047 1413 dicto
1062 1382 1192 1413 consilio
1207 1393 1425 1420 responsurus.
1463 1382 1525 1420 Qui
1539 1381 1669 1420 quidem
1684 1381 1862 1412 Willelmus

518 1433 637 1464 ibidem
660 1432 868 1471 personaliter
889 1433 1011 1463 adtunc
1034 1442 1231 1470 comparens,
1254 1432 1438 1470 auditisque
1459 1431 1536 1462 visis
1557 1435 1590 1462 et
1611 1431 1781 1462 intellectis
1802 1430 1863 1461 sibi

518 1483 670 1521 predictis
686 1483 784 1520 copiis
798 1482 914 1513 litteris
928 1486 961 1512 et
975 1482 1148 1513 euidenciis
1162 1482 1337 1513 affirmauit
1352 1485 1384 1512 et
1400 1481 1551 1520 cognouit
1566 1481 1653 1519 quod
1668 1484 1719 1511 tot
1734 1484 1766 1511 et
1781 1480 1862 1512 tales

518 1532 624 1563 littere
639 1536 671 1562 et
686 1532 826 1563 clausule
840 1532 969 1562 nomine
984 1532 1119 1570 predicti
1133 1532 1151 1563 J
1155 1532 1290 1562 ohannis
1305 1531 1477 1570 Lydeyard
1491 1531 1577 1562 facte
1591 1531 1633 1562 ad
1647 1541 1762 1561 manus
1776 1540 1861 1568 suas,

518 1586 555 1613 ut
572 1582 780 1620 premittitur,
798 1582 1007 1619 devenerunt,
1024 1585 1057 1612 et
1073 1582 1160 1620 quod
1176 1581 1243 1620 ipse
1259 1582 1389 1612 credens
1405 1592 1458 1612 eas
1474 1591 1530 1619 per
1545 1581 1726 1619 predictum
1742 1581 1760 1611 J
1763 1580 1863 1611 ohan-

518 1642 591 1662 nem
611 1632 714 1663 factas
733 1632 800 1663 fore
818 1635 851 1662 et
869 1632 982 1662 missas
1001 1631 1077 1662 fecit
1096 1631 1257 1670 predictas
1275 1631 1399 1662 litteras
1418 1635 1450 1661 et
1470 1631 1628 1662 clausulas
1646 1630 1862 1668 responsorias

518 1686 551 1712 et
568 1692 621 1712 eas
639 1682 767 1720 propria
783 1692 882 1712 manu
900 1692 958 1712 sua
975 1681 1101 1720 scripsit
1119 1684 1215 1719 prout
1232 1681 1388 1719 superiius
1406 1680 1596 1711 declaratur.
1636 1679 1798 1718 Cognouit
1816 1679 1863 1710 in-

517 1742 613 1769 super
631 1732 717 1770 quod
734 1731 802 1769 ipse
819 1731 904 1762 solus
922 1731 1045 1761 circiter
1062 1731 1181 1761 festum
1199 1731 1316 1762 Sancte
1334 1730 1489 1761 Katerine
1506 1729 1643 1768 Virginis
1660 1729 1776 1760 ultimo
1793 1739 1863 1768 pre-

519 1781 652 1812 teritum
674 1781 826 1812 transiuit
847 1791 919 1811 cum
940 1781 1084 1818 predicto
1105 1781 1249 1811 Roberto
1270 1780 1390 1818 Poleyn
1410 1780 1452 1811 ad
1471 1780 1600 1810 Turrim
1621 1779 1808 1817 predictam,
1830 1782 1863 1810 et

518 1831 605 1869 quod
617 1831 722 1861 nullus
730 1841 767 1861 eo
775 1834 919 1869 tempore
927 1830 989 1860 fuit
1000 1831 1032 1860 in
1045 1830 1141 1861 domo
1149 1830 1205 1861 ubi
1217 1830 1347 1860 recorda
1358 1829 1503 1868 predicta
1514 1829 1645 1860 fuerunt
1656 1829 1716 1859 nisi
1727 1828 1787 1867 ipsi
1798 1829 1862 1859 duo

518 1884 659 1918 tantum,
678 1883 774 1918 prout
790 1880 874 1910 idern
891 1880 1054 1910 Robertus
1074 1880 1162 1918 prius
1177 1880 1334 1918 exposuit,
1351 1883 1384 1910 et
1400 1879 1487 1917 quod
1503 1879 1569 1917 ipse
1585 1878 1762 1909 Willelmus
1778 1878 1863 1909 solus

518 1930 641 1961 adtunc
660 1940 765 1968 ungue
784 1929 876 1968 digiti
894 1930 942 1960 sui
962 1929 1142 1968 predictum
1160 1940 1329 1960 numerum
1348 1929 1378 1959 xl
1398 1929 1429 1959 in
1449 1929 1535 1959 dicta
1554 1928 1763 1966 inquisicione
1782 1932 1863 1959 tem-

519 1990 595 2018 pore
609 1980 771 2010 adventus
786 1979 834 2010 sui
851 1982 1040 2010 contentum
1056 1979 1144 2017 rasit,
1161 1982 1193 2009 et
1209 1979 1346 2009 eundem
1362 1989 1532 2009 numerum
1547 1982 1585 2009 ut
1601 1978 1633 2008 in
1649 1978 1709 2009 hoc
1725 1977 1864 2008 maxime

518 2029 682 2060 videretur
698 2032 883 2067 suspectum
901 2039 973 2060 cmn
991 2039 1076 2059 nouo
1092 2029 1239 2060 incausto
1256 2028 1426 2059 renouauit
1443 2032 1475 2059 et
1492 2028 1659 2059 blottauit.
1699 2028 1742 2058 Et
1759 2027 1864 2066 requi-

517 2079 599 2110 situs
616 2079 678 2110 fuit
695 2079 814 2109 ibidem
831 2079 872 2110 ab
890 2089 927 2109 eo
944 2079 999 2117 qui
1016 2089 1168 2109 numerus
1185 2079 1217 2109 in
1235 2079 1379 2117 predicta
1396 2078 1605 2116 inquisicione
1623 2077 1726 2116 primo
1744 2077 1777 2107 in
1795 2087 1864 2116 pre-

518 2129 605 2159 dicto
620 2129 688 2159 loco
703 2139 774 2160 raso
788 2132 933 2167 tempore
947 2129 995 2159 sui
1009 2129 1170 2159 adventus
1185 2128 1258 2159 illuc
1272 2128 1390 2159 extitit.
1427 2128 1519 2159 Dixit
1533 2127 1620 2166 quod
1635 2127 1695 2158 iste
1711 2137 1864 2158 numerus

517 2178 548 2209 xl
564 2182 694 2209 tantum
710 2182 742 2209 et
758 2188 822 2209 non
837 2179 942 2217 major
957 2189 1108 2209 munerus
1124 2188 1227 2216 neque
1242 2178 1356 2209 minor.
1394 2177 1601 2216 Requisitum
1617 2177 1728 2215 itaque
1743 2177 1807 2207 fuit
1822 2177 1864 2208 ab

519 2238 556 2259 eo
570 2228 611 2259 ad
627 2228 718 2267 cujus
732 2228 924 2259 instanciam
939 2229 1029 2259 venit
1042 2228 1130 2266 apud
1144 2228 1272 2259 Turrim
1288 2228 1466 2266 predictam
1480 2238 1538 2266 pro
1552 2237 1663 2258 rasura
1677 2225 1865 2265 hujusmodi

518 2277 675 2309 facienda.
710 2278 802 2308 Dixit
815 2278 901 2316 quod
915 2278 956 2308 ad
969 2277 1162 2309 instanciam
1175 2277 1310 2316 predicti
1322 2278 1340 2308 J
1344 2277 1479 2308 ohannis
1493 2277 1675 2315 Lydeyard.
1712 2277 1755 2307 Et
1768 2286 1864 2314 super

518 2327 578 2358 hoc
608 2328 757 2358 dominus
786 2328 814 2358 T
816 2327 1017 2358 hesaurarius
1028 2328 1051 2346 ²⁰
1078 2327 1201 2366 Anglie‚
1226 2327 1281 2366 qui
1307 2327 1389 2358 circa
1414 2327 1688 2358 examinacionem
1717 2325 1864 2365 ejusdem

518 2377 667 2408 Willelmi
689 2377 728 2408 de
750 2388 859 2408 rasura
881 2377 1026 2416 predicta
1048 2377 1260 2408 diuersimode
1282 2377 1390 2408 extitit
1411 2376 1587 2414 laboratus,
1609 2375 1729 2406 ibidem
1751 2378 1864 2413 aperte
