2112 2901
494 183 541 218 34
775 192 895 217 CAsns
922 191 1082 217 BEFORE
1109 191 1189 216 THE
1217 191 1354 217 KING>s
1382 191 1558 218 COUNCIL

493 270 596 302 causis
614 270 704 301 dedit
723 269 859 301 Iohanni
879 270 1029 308 Fermer,8
1048 269 1151 307 militi,
1172 269 1212 300 de
1230 269 1322 301 bonis
1340 273 1373 301 et
1392 270 1515 301 catallis
1534 270 1632 309 ipsius
1651 271 1775 302 Thome
1793 271 1835 302 ad

493 320 670 351 valenciam
692 324 821 351 centum
843 320 995 350 librarum
1017 319 1058 350 ad
1078 319 1341 350 satisfaciendum
1362 319 1436 350 inde
1456 320 1614 351 Willelmo
1635 320 1674 352 de
1694 321 1837 359 Bohun,⁹

492 370 613 401 Comiti
633 369 882 408 Norhampton’,
905 369 944 400 de
964 372 1094 400 centum
1115 368 1202 399 libris
1222 369 1324 400 eidem
1345 369 1467 400 Comiti
1482 369 1521 400 de
1537 370 1678 408 quadam
1695 370 1836 410 assigna-

491 419 580 450 cione
598 419 657 450 sibi
675 429 770 457 super
787 419 911 450 decima
928 422 961 450 et
978 418 1219 457 quintadecima
1236 418 1387 457 predictis
1405 419 1437 449 in
1455 419 1542 450 (licto
1560 419 1717 451 comitatu
1734 420 1832 458 facta,

490 473 523 500 et
539 469 638 499 eciam
656 469 739 499 idem
758 469 899 499 Thomas
916 468 1005 499 dedit
1021 472 1054 499 et
1070 468 1225 499 concessit
1242 468 1361 499 eisdem
1379 469 1514 500 Iohanni
1531 469 1557 499 F
1558 479 1668 507 ermer,
1687 469 1835 501 Gilberto

489 518 517 550 le
536 519 667 556 Blount,
683 519 826 550 Roberto
846 518 884 549 de
903 519 1025 556 Teye,¹⁰
1038 518 1138 549 Leoni
1157 518 1196 549 de
1214 518 1454 556 B1·adenham‚¹¹
1468 518 1606 550 Iohanni
1620 519 1659 550 de
1672 519 1787 557 Boys1²
1800 522 1833 551 et

491 568 626 599 Iohanni
650 569 689 599 de
712 568 893 606 Oxeneye¹³
922 568 1084 599 residuum
1107 568 1251 599 omnium
1281 568 1438 599 bonorum
1461 571 1494 599 et
1519 568 1707 599 catallorum
1734 569 1834 607 ipsius

489 618 622 655 Thome,
639 629 675 649 ac
691 621 793 649 terras
808 621 841 649 et
856 621 1041 649 tenementa
1056 627 1115 648 sua
1129 618 1161 648 in
1177 618 1334 649 comitatu
1350 618 1469 655 Essex’,
1486 628 1609 649 necnon
1625 618 1831 656 maritagium

489 668 652 705 Iohannis,
673 668 727 698 filii
746 671 779 698 et
798 668 922 699 heredis
940 667 1082 698 eiusdem
1102 667 1235 705 Thome,
1256 667 1345 699 cuius
1364 667 1549 698 donacionis
1568 671 1601 699 et
1620 667 1832 699 concessionis

488 722 635 756 pretextu
652 718 814 756 predictus
829 717 994 749 Gilbertus
1008 717 1137 748 nomine
1151 728 1209 748 suo
1224 720 1256 748 et
1271 717 1488 756 predictorum
1504 717 1666 755 Iohannis,
1684 717 1829 756 Roberti,

488 767 611 805 Leonis,
628 767 779 798 Iohannis
793 771 825 798 et
840 767 1001 804 Iohannis,
1018 767 1102 805 cepit
1115 767 1263 798 seisinam
1278 767 1317 798 de
1331 767 1422 798 terris
1435 770 1468 798 et
1482 767 1673 798 tenementis
1687 778 1723 798 30
1738 767 1830 799 bonis

486 821 519 848 et
545 817 667 848 catallis
693 817 853 856 predictis,
880 817 1010 847 vivente
1036 817 1179 855 predicto
1205 817 1341 855 Thoma,
1363 817 1422 848 sub
1449 817 1505 847 tali
1532 817 1717 848 condicione
1742 815 1828 855 quod

486 867 594 898 omnia
613 867 698 898 bona
717 870 749 898 et
769 867 885 898 catalla
904 867 1022 897 eisdem
1042 866 1188 904 Iohanni,
1210 866 1365 904 Gilberto,
1387 867 1540 904 Roberto,
1561 867 1668 904 Leoni,
1690 866 1828 897 Iohanni

485 920 518 947 et
542 917 677 948 Iohanni
700 917 743 948 sic
767 917 798 946 in
822 916 983 947 communi
1007 916 1085 947 data
1107 926 1143 947 ac
1170 916 1375 954 maritagium
1404 916 1583 954 predictum
1611 927 1668 954 pro
1695 916 1829 948 diuersis

485 966 601 997 debitis
620 977 681 1005 que
700 967 784 997 idem
803 966 944 997 Thomas
964 970 1031 996 tam
1050 966 1089 996 de
1108 966 1232 996 decima
1250 969 1282 996 et
1300 966 1541 1004 quintadecima
1559 965 1710 1004 predictis
1728 976 1827 1004 quam

484 1026 521 1047 ex
538 1016 606 1047 aliis
624 1016 726 1047 causis
744 1016 830 1047 dicto
848 1015 927 1054 Regi
945 1015 1084 1046 debebat
1101 1015 1325 1053 venderentur,
1344 1019 1377 1046 et
1393 1015 1437 1046 510
1455 1015 1542 1046 dicta
1559 1015 1644 1046 bona
1661 1019 1693 1046 et
1710 1015 1828 1047 catalla

483 1076 520 1096 30
542 1066 747 1104 maritagium
770 1066 810 1096 ad
834 1065 921 1096 dicta
942 1065 1052 1096 debita
1074 1065 1324 1103 acquietandum
1347 1075 1411 1096 non
1432 1065 1624 1103 sufficerent,
1649 1068 1726 1096 tunc
1748 1065 1826 1096 dicti

482 1115 606 1146 feoffati
626 1116 665 1147 de
685 1115 778 1146 dictis
798 1115 889 1146 terris
909 1118 941 1146 et
961 1115 1153 1146 tenementis
1173 1115 1213 1145 ad
1233 1115 1411 1146 valenciam
1431 1115 1516 1146 tanti
1536 1115 1575 1146 de
1594 1118 1718 1153 quanto
1738 1115 1827 1146 dicta

482 1165 593 1196 debita
608 1165 744 1204 quietari
761 1168 891 1203 possent
906 1165 1092 1202 venderent,
1109 1168 1141 1195 et
1157 1164 1244 1196 dicto
1260 1165 1390 1196 domino
1407 1165 1486 1203 Regi
1502 1164 1575 1196 inde
1590 1165 1824 1196 satisfacerent.

481 1215 526 1246 Et
542 1215 641 1246 eciam
659 1215 821 1254 predictus
838 1215 1002 1245 Gilbertus
1018 1214 1098 1245 dixit
1115 1215 1201 1253 quod
1218 1215 1258 1245 ad
1276 1215 1440 1253 quandam
1458 1214 1578 1245 curiam
1595 1218 1671 1245 ante
1687 1218 1824 1245 mortem

481 1265 559 1295 dicti
576 1265 699 1296 Thome
716 1268 841 1295 tentam
858 1264 945 1303 apud
962 1264 1160 1295 Falkeborne
1177 1274 1233 1302 per
1246 1264 1351 1295 Adam
1365 1264 1536 1295 Passefeld'
1553 1275 1663 1295 omnes
1677 1268 1825 1296 tenentes

480 1315 695 1346 maneriorum
711 1315 750 1345 de
767 1314 993 1345 Falkeborne14
1012 1318 1045 1344 et
1063 1314 1252 1352 Termyns¹5
1267 1325 1300 1345 se
1319 1314 1358 1345 de
1378 1314 1588 1345 fidelitatibus
1607 1314 1671 1345 suis
1691 1314 1824 1352 prefatis

480 1364 619 1395 feoffatis
639 1368 897 1402 attornauerunt,
919 1373 974 1402 per
993 1364 1079 1402 quod
1099 1363 1222 1395 dictum
1242 1364 1304 1394 fuit
1323 1364 1448 1402 prefato
1468 1363 1614 1395 Gilberto
1633 1364 1720 1402 quod
1739 1367 1823 1395 esset

479 1424 586 1445 coram
605 1414 817 1445 Thesaurario
835 1417 868 1444 et
886 1413 1066 1444 Baronibus
1085 1413 1124 1444 de
1142 1413 1306 1445 Scaccario
1325 1414 1411 1452 apud
1429 1413 1752 1444 Westmonasterium
1771 1413 1823 1445 die

478 1464 567 1495 Lune
585 1464 617 1494 in
635 1464 718 1495 festo
736 1463 950 1495 conuersionis
968 1463 1078 1494 Sancti
1097 1463 1188 1494 Pauli
1200 1464 1220 1481 ¹⁶
1237 1463 1277 1494 ad
1296 1463 1479 1494 faciendum
1497 1463 1530 1494 in
1547 1463 1607 1494 1130
1626 1466 1717 1502 parte
1735 1463 1822 1502 quod

478 1514 596 1545 ibidem
614 1524 708 1552 super
724 1514 783 1544 hoc
801 1513 970 1551 contigerit
986 1513 1161 1544 ordina1·i.¹⁷

1178 1585 1245 1609 1355
1268 1583 1302 1609 he
1325 1592 1379 1609 was
1402 1586 1531 1616 attorney
1553 1583 1595 1609 for
1618 1583 1665 1609 the
1687 1583 1821 1609 aforesaid

522 1586 531 1600 ⁸
549 1585 676 1611 Member
691 1584 719 1610 of
734 1593 750 1610 a
765 1583 921 1616 prominent
936 1583 1004 1609 local
1019 1583 1123 1615 family,

1176 1621 1230 1647 0311
1244 1621 1272 1647 of
1286 1621 1502 1653 Northampton.
1535 1620 1657 1653 Morant,
1672 1620 1698 1652 ii,
1713 1622 1773 1646 202.

476 1621 588 1654 holding
613 1631 629 1648 a
653 1622 699 1647 life
724 1625 812 1647 estate
836 1621 863 1646 in
890 1621 937 1647 the
962 1629 1071 1646 manors
1096 1621 1124 1646 of

477 1659 612 1685 Foxearth
633 1659 687 1685 and
708 1659 821 1685 Weston
845 1659 978 1690 (Morant,
1001 1658 1026 1690 ii,
1049 1659 1122 1689 326).

476 1697 519 1722 He
534 1705 589 1722 was
602 1705 618 1722 a
632 1696 729 1728 knight
744 1697 772 1722 of
788 1696 834 1722 the
851 1696 922 1722 shire
938 1696 979 1721 for
994 1696 1077 1721 Essex
1095 1696 1122 1721 in

476 1734 523 1760 the
547 1734 710 1766 parliament
734 1734 761 1759 of
788 1735 861 1765 1346,
887 1733 941 1759 ancl
966 1733 1122 1759 sometimes

475 1771 571 1797 served
590 1780 620 1797 as
640 1771 842 1797 commissioner
862 1771 889 1796 of
909 1779 974 1803 oyer
994 1770 1048 1796 and
1069 1773 1121 1796 ter-

475 1809 569 1834 miner.
614 1809 657 1834 He
683 1817 738 1834 was
763 1817 815 1834 one
841 1808 869 1833 of
895 1808 941 1833 the
967 1808 1121 1839 gentlemen

475 1846 631 1871 mentioned
649 1846 736 1871 above
753 1845 813 1871 who
830 1854 898 1871 were
914 1845 1075 1871 summoned
1093 1845 1120 1870 111

474 1883 521 1909 the
535 1886 643 1915 present
657 1892 726 1909 case.

519 1922 528 1936 ⁹
546 1920 631 1946 Third
643 1929 692 1946 son
704 1920 732 1946 of
744 1919 907 1952 Humphrey
920 1919 983 1945 Earl
996 1920 1024 1945 of
1036 1920 1120 1945 Here-

474 1958 533 1983 ford
550 1958 604 1984 and
621 1958 715 1989 Essex;
741 1957 774 1983 he
790 1957 851 1983 died
868 1957 895 1982 in
914 1958 980 1983 1359
995 1965 1025 1982 or
1044 1958 1118 1983 1360.

474 1995 596 2027 Morant,
609 1995 634 2027 11,
648 1997 709 2027 451;
730 1994 863 2026 Dugdale‚
876 1994 1046 2025 3010311901,
1061 1996 1117 2020 185.

518 2035 539 2049 ¹⁰
555 2042 585 2058 or
598 2033 667 2065 Tay,
683 2032 730 2058 the
744 2041 824 2058 name
838 2032 866 2058 of
880 2041 895 2057 a
907 2040 1002 2057 manor
1014 2031 1041 2057 in
1052 2032 1119 2057 Lex-

472 2070 532 2102 den,
549 2070 611 2096 held
627 2071 663 2102 by
678 2079 694 2096 3
708 2070 804 2102 family
819 2069 881 2095 that
896 2069 992 2095 thence
1007 2069 1117 2095 derived

472 2107 507 2133 its
522 2116 609 2133 name.
642 2108 723 2133 From
740 2109 803 2133 1351
820 2110 848 2133 to
865 2108 930 2133 1356
944 2106 999 2132 this
1013 2107 1118 2132 Robert

471 2145 567 2171 served
588 2144 795 2177 conspicuously
816 2153 846 2170 as
867 2144 1069 2170 commissioner
1089 2144 1117 2169 of

471 2182 518 2208 the
534 2191 616 2214 peace
633 2183 688 2208 and
704 2182 801 2214 justice
815 2185 844 2207 to
860 2182 966 2207 enforce
985 2181 1031 2207 the
1048 2185 1117 2207 stat-

471 2223 531 2246 ntes
551 2220 579 2246 of
601 2220 739 2246 labourers
759 2220 827 2250 (Cal.
846 2220 903 2245 Pac.
924 2219 1047 2251 passim).
1083 2219 1116 2244 In

1221 1660 1238 1674 ¹¹
1257 1667 1286 1684 or
1301 1658 1394 1684 Lionel
1410 1658 1441 1684 B.
1454 1658 1516 1684 held
1527 1667 1543 1684 a
1558 1661 1697 1684 tenement
1710 1658 1737 1683 in
1750 1658 1821 1684 Lan-

1174 1696 1281 1727 genhou
1298 1696 1325 1721 in
1342 1695 1475 1721 Winstree
1494 1696 1627 1727 (Morant,
1646 1696 1661 1727 i,
1679 1696 1752 1725 416).
1787 1696 1820 1721 In

1176 1735 1242 1759 1355
1264 1733 1298 1759 110
1319 1742 1374 1759 was
1396 1733 1597 1759 commissioner
1619 1733 1647 1759 of
1669 1733 1715 1758 the
1737 1741 1820 1765 peace

1173 1770 1228 1796 and
1247 1770 1344 1802 iustice
1363 1770 1391 1795 of
1409 1770 1548 1796 labourers
1569 1770 1637 1801 (Cal.
1657 1771 1716 1795 Pal.
1737 1771 1817 1802 Rolls,

1173 1808 1245 1839 294),
1258 1808 1313 1833 and
1325 1808 1352 1832 in
1367 1809 1433 1833 1360
1445 1807 1647 1833 commissioner
1657 1807 1686 1833 of
1698 1816 1778 1840 array
1790 1807 1817 1833 in

1172 1845 1255 1870 Essex
1281 1845 1356 1875 (ibid.
1380 1846 1452 1875 413).
1498 1845 1541 1870 He
1563 1853 1618 1870 was
1641 1844 1818 1877 persistently

1171 1882 1292 1914 engaged
1306 1882 1334 1907 in
1349 1882 1470 1914 quarrels
1484 1882 1551 1908 with
1565 1882 1606 1907 his
1621 1882 1765 1914 neighbors
1779 1891 1817 1914 up

1172 1922 1200 1945 to
1215 1919 1261 1945 the
1276 1919 1341 1945 time
1354 1919 1383 1945 of
1396 1919 1437 1945 his
1450 1919 1534 1945 death
1547 1920 1575 1945 in
1591 1921 1665 1945 1361.

1216 1959 1233 1973 ¹²
1252 1957 1307 1983 Son
1318 1957 1347 1983 of
1358 1957 1430 1983 John
1440 1957 1468 1983 of
1478 1957 1558 1989 Boys,
1569 1957 1697 1989 acquired
1709 1956 1736 1982 in
1750 1958 1817 1983 1352

1170 2002 1186 2019 3
1204 1994 1307 2026 moiety
1324 1994 1352 2020 of
1369 1994 1416 2020 the
1433 2003 1529 2020 manor
1546 1995 1574 2020 of
1592 1994 1690 2020 Blunts
1708 1994 1771 2020 Hal]
1789 1994 1817 2020 in

1170 2031 1293 2057 Witham
1315 2032 1369 2057 and
1393 2032 1515 2058 Hatfield
1538 2032 1658 2057 Peverell
1683 2032 1751 2062 (Cal.
1775 2032 1815 2058 Cl.

1170 2069 1249 2101 Roas,
1266 2070 1339 2099 468).
1373 2070 1454 2095 From
1469 2069 1526 2094 him
1541 2078 1617 2095 came
1632 2069 1678 2095 the
1693 2078 1773 2095 name
1787 2069 1817 2095 of

1170 2107 1244 2139 Boys
1262 2107 1325 2132 Hall
1343 2106 1371 2132 in
1389 2106 1522 2132 Halstead
1543 2107 1676 2139 (Morant,
1696 2106 1721 2139 ii,
1743 2107 1814 2137 108).

1169 2144 1212 2170 He
1235 2144 1330 2170 served
1354 2153 1384 2170 35
1407 2144 1609 2170 commissioner
1632 2144 1660 2170 of
1683 2153 1764 2176 array
1786 2144 1814 2170 in

1170 2183 1237 2208 1360
1258 2182 1326 2212 (Cal.
1347 2182 1406 2207 Pat.
1426 2182 1506 2213 Reli-5,
1527 2182 1589 2213 413)
1611 2181 1665 2208 and
1684 2181 1747 2207 died
1767 2181 1815 2207 the

1167 2227 1232 2251 year
1245 2220 1324 2245 after.
