2112 2901
483 160 530 196 98

482 251 529 279 051
546 247 800 285 consanguineus
813 249 846 276 et
860 246 949 276 heres
963 245 1098 283 predicti
1112 245 1229 283 Rogeri
1243 245 1452 283 propinquior
1465 248 1497 275 et
1511 245 1608 275 etatis
1621 244 1651 275 xl
1665 255 1823 276 annorum

482 302 513 328 et
529 297 676 335 amplius,
692 307 754 334 que
768 296 898 334 quidem
913 295 1055 326 clausula
1069 295 1101 325 in
1115 295 1264 325 omnibus
1278 295 1317 325 de
1331 295 1514 325 litteratura
1528 294 1613 325 clara
1626 298 1659 325 et
1672 294 1825 325 uniformi

482 348 604 378 adtunc
617 346 726 377 extitit
738 349 770 376 et
783 356 847 376 11011
861 345 980 376 viciosa
993 355 1050 375 nec
1063 344 1095 375 in
1108 345 1216 383 aliquo
1229 355 1300 375 rasa
1313 348 1371 375 aut
1383 348 1542 383 suspecta,
1556 348 1593 374 ut
1606 344 1691 374 idem
1704 344 1826 375 Rober-

484 400 536 428 tus
551 407 657 427 coram
673 395 802 426 consilio
817 395 961 433 predicto
976 394 1101 433 publice
1115 394 1262 432 exposuit
1276 397 1309 424 et
1322 394 1508 425 declarauit.
1545 394 1684 424 Dicebat
1698 393 1829 432 insuper

483 447 567 477 idem
589 446 750 476 Robertus
770 445 856 483 quod
876 444 1039 483 predictus
1058 454 1209 475 numerus
1228 444 1258 474 xl
1278 444 1309 474 in
1329 444 1474 482 predicta
1494 443 1636 474 clausula
1655 446 1827 474 contentus

483 496 639 535 quamdiu
652 506 714 525 11011
728 505 817 526 rasus
829 505 886 525 nec
898 494 1046 531 viciosus,
1059 497 1096 524 ut
1109 494 1288 532 predictum
1301 497 1359 531 051,
1372 493 1481 524 extitit
1493 493 1524 523 in
1536 504 1687 531 magnam
1699 493 1829 523 euiden-

484 546 566 577 ciam
596 545 814 576 eneruacionis
844 548 877 575 et
906 543 1138 575 adnullacionis
1169 544 1309 582 111-0101151
1338 543 1415 574 111115
1444 546 1477 574 01
1507 543 1594 573 1111111
1624 543 1828 581 quorundam

482 595 640 627 ,101111111115
660 594 831 633 Lydeyard
845 595 855 612 ⁸
874 597 904 624 et
926 594 1107 624 Clemencie
1126 593 1233 624 uxoris
1255 593 1325 632 ejus
1345 593 1383 624 de
1403 596 1435 624 et
1455 593 1487 623 111
1507 593 1656 623 maneriis
1676 592 1829 630 predictis

483 645 653 676 manifeste
676 644 880 681 redundauit,
904 643 935 674 in
958 654 1022 682 qua
1045 643 1175 682 quidem
1198 643 1340 674 clausula
1362 643 1525 681 predictus
1546 652 1699 673 numerus
1720 642 1750 672 xl
1773 642 1828 673 diu

483 696 564 726 citra
581 695 816 726 confeccionem
834 694 977 733 ejusdem
995 693 1293 732 exemplifieaeionis
1311 693 1349 723 de
1366 703 1452 723 nouo
1467 703 1557 723 rasus
1571 695 1603 723 01
1620 692 1737 723 iterum
1755 702 1828 722 cum

483 755 569 776 nouo
590 745 737 775 incausto
758 747 932 774 renouatus
954 743 1062 773 extitit
1083 746 1115 774 et
1137 743 1318 781 rescriptus,
1339 746 1435 781 prout
1456 742 1488 772 in
1511 742 1597 772 dicta
1619 741 1829 780 inquisicione

484 795 562 826 satis
581 798 691 832 aperte
710 794 829 824 eminet
847 796 880 824 et
898 794 1058 831 apparet.⁹
1085 793 1135 823 De
1155 793 1271 831 quibus
1290 792 1420 831 quidem
1439 802 1549 823 rasura
1568 795 1600 822 01
1619 791 1828 829 rescripcione

485 844 648 884 predictus
671 844 833 874 Robertus
856 843 887 873 in
911 843 1044 873 diuersis
1067 842 1154 881 regni
1177 842 1323 880 partibus
1346 852 1402 880 per
1423 841 1594 872 nonnullos
1616 841 1828 879 obloquentes

484 894 706 932 multiplieiter
729 893 838 924 extitit
862 893 1049 923 diffamatus
1074 892 1106 922 in
1130 892 1228 930 ipsius
1253 892 1388 922 Roberti
1412 891 1610 927 scandalum,
1635 894 1668 921 et
1692 890 1828 928 predicti

485 944 609 974 Thome
625 947 657 974 et
674 943 879 974 feoffatorum
897 952 1027 972 suorum
1044 941 1261 980 predictorum
1278 941 1356 980 juris
1373 944 1405 971 et
1422 940 1509 971 tituli
1526 941 1564 971 de
1581 944 1614 970 et
1630 940 1662 970 in
1678 939 1829 970 maneriis

485 993 637 1032 predictis
654 992 866 1031 prejudicium
883 1002 946 1022 non
963 991 1126 1022 modieiun
1142 994 1175 1021 et
1191 1001 1376 1029 grauamen.
1414 990 1516 1028 Super
1532 990 1648 1028 quibus
1666 989 1828 1028 predictus

485 1043 648 1074 Robertus
663 1042 840 1081 predictam
854 1041 1175 1079 exemplificationem
1190 1051 1296 1071 coram
1311 1040 1398 1071 dicto
1413 1040 1543 1071 consilio
1557 1039 1683 1078 publice
1697 1039 1828 1069 demon-

484 1096 591 1124 strans
610 1092 773 1123 humiliter
792 1091 987 1129 supplicauit
1007 1094 1075 1122 tam
1094 1101 1152 1129 pro
1171 1090 1301 1121 domino
1321 1091 1408 1128 Rege
1427 1100 1525 1128 quam
1545 1099 1602 1127 pro
1622 1089 1828 1119 restitucione

485 1143 570 1174 fame
594 1153 649 1173 sue
673 1142 815 1180 predicte
835 1141 922 1179 quod
946 1141 1088 1171 Thomas
1108 1140 1261 1179 S1nyth,1⁰
1282 1140 1421 1177 clericus,
1447 1139 1502 1178 qui
1525 1139 1623 1170 habet
1647 1138 1828 1169 custodiam

485 1193 570 1223 dicte
592 1191 810 1230 inquisicionis
831 1201 954 1221 necnon
976 1194 1135 1221 certorum
1157 1190 1360 1221 recordorum
1383 1189 1568 1220 cancellarie
1589 1188 1710 1219 domini
1732 1188 1828 1226 Regis

485 1242 572 1281 apud
597 1242 725 1272 Turrim
749 1241 894 1271 London’
918 1240 1126 1271 existencimn
1149 1240 1209 1271 sub
1231 1240 1379 1270 Johanne
1399 1239 1541 1276 Frank,¹¹
1562 1238 1674 1269 clerico
1695 1237 1828 1269 custode

485 1292 664 1323 rotulorum
683 1291 868 1322 cancellarie
886 1290 1030 1329 ejusdcm
1049 1290 1171 1320 domini
1186 1290 1293 1328 Regis,
1310 1293 1342 1320 et
1358 1289 1520 1320 Robertus
1540 1288 1670 1326 Poleyn,
1687 1287 1828 1318 seruiens

485 1342 629 1381 ejusdem
642 1341 766 1371 Thome
778 1340 904 1379 Smyth,
918 1340 983 1371 51111
995 1340 1103 1371 vocati
1114 1340 1156 1371 ad
1169 1340 1291 1370 dictum
1305 1339 1471 1370 consilium
1483 1338 1524 1369 ad
1537 1337 1827 1376 recognoscendum

485 1392 563 1430 quid
578 1391 728 1421 nouerint
742 1391 793 1421 vel
808 1391 911 1421 dicere
926 1390 1078 1420 sciuerint
1093 1390 1131 1420 de
1146 1400 1257 1420 rasura
1272 1389 1426 1427 predicta.
1463 1388 1525 1426 Qui
1540 1387 1671 1426 quidem
1685 1387 1828 1417 Thomas

484 1445 517 1472 et
535 1442 697 1472 Robertus
716 1440 765 1470 die
783 1444 816 1471 et
833 1440 902 1470 loeo
921 1439 1072 1478 predictis
1090 1450 1197 1470 coram
1215 1439 1302 1469 dicto
1321 1438 1451 1469 consilio
1469 1440 1691 1475 comparentes
1709 1440 1741 1467 et
1759 1446 1828 1474 pre-

484 1491 606 1522 dictam
622 1490 865 1528 inquisicionem
880 1493 917 1520 ut
932 1489 1113 1527 predictum
1127 1492 1176 1519 est
1191 1499 1296 1519 rasam
1311 1499 1419 1519 seeum
1434 1491 1612 1526 portantes,
1628 1486 1769 1525 visisque
1783 1485 1828 1516 eis

484 1540 613 1571 insimul
636 1540 787 1578 predictis
809 1539 1018 1578 inquisicione
1040 1542 1072 1569 et
1094 1538 1393 1577 exemplificaeione,
1417 1537 1479 1568 fide
1501 1548 1565 1575 qua
1588 1536 1718 1567 domino
1740 1536 1828 1574 Rege

484 1591 680 1621 tenebantur
693 1593 823 1621 matura
837 1589 1069 1620 deliberacione
1084 1589 1232 1619 dixerunt
1246 1592 1279 1619 et
1294 1590 1548 1626 recognouerunt
1563 1586 1649 1625 quod
1665 1585 1828 1624 predictus

484 1641 647 1671 Robertus
678 1640 799 1678 Poleyn
829 1639 955 1677 scripsit
985 1639 1121 1669 eandem
1151 1637 1484 1676 exemplificacionem,
1516 1640 1548 1667 et
1579 1639 1691 1674 postea
1722 1635 1828 1666 dictus

484 1690 626 1721 Thomas
651 1690 768 1728 Smyth
793 1693 826 1720 et
851 1689 1014 1720 Robertus
1039 1688 1160 1727 Poleyn
1185 1688 1279 1719 simul
1304 1687 1571 1718 examinauerunt
1595 1685 1756 1724 predictas
1781 1685 1828 1715 in-

484 1740 692 1779 quisicionem
711 1743 743 1770 et
761 1738 1094 1777 exemplificaeionem‚
1114 1738 1146 1768 in
1165 1749 1230 1776 qua
1248 1737 1378 1776 quidem
1397 1736 1636 1767 examinacione
1654 1735 1776 1766 adtunc
1794 1734 1827 1764 in

483 1790 552 1821 loco
566 1790 650 1820 dicte
664 1799 771 1820 rasure
784 1789 981 1827 reperierunt
994 1788 1160 1819 solomodo
1172 1788 1251 1818 istas
1263 1787 1387 1817 litteras
1400 1797 1419 1817 x
1431 1790 1464 1817 et
1476 1786 1485 1816 l
1498 1785 1592 1816 simul
1605 1788 1637 1815 et
1650 1784 1828 1822 antiquiter

483 1840 620 1877 scriptas
636 1849 693 1877 pro
715 1839 776 1869 isto
792 1849 926 1869 numero
947 1838 1163 1876 quadraginta
1188 1848 1251 1867 non
1277 1847 1364 1867 rasas
1389 1839 1554 1874 suspectas
1579 1845 1637 1866 nec
1661 1834 1694 1864 in
1718 1833 1827 1872 aliquo

483 1889 629 1926 viciosas,
648 1892 744 1926 prout
766 1889 799 1918 in
823 1888 910 1919 dicta
933 1887 1223 1925 exemplificacionc
1245 1886 1396 1917 scribitur
1418 1889 1451 1916 et
1473 1888 1623 1915 testatur.
1670 1884 1826 1921 Verump-

483 1942 593 1970 tamen
615 1949 672 1977 pro
693 1948 731 1968 eo
750 1938 837 1976 quod
853 1938 910 1968 hec
927 1948 1037 1968 rasura
1053 1937 1133 1968 falso
1150 1940 1182 1967 et
1204 1936 1263 1967 nisi
1287 1936 1389 1974 tarde,
1406 1939 1443 1966 ut
1464 1937 1610 1973 apparet,
1627 1933 1736 1964 extitit
1757 1943 1826 1971 per-

483 1992 612 2027 petrata
643 1988 755 2018 dicunt
786 1988 873 2026 quod
904 1987 1037 2025 quidam
1067 1986 1245 2017 Willelmus
1276 1986 1397 2016 Broket
1428 1984 1626 2015 mediacione
1657 1983 1826 2022 cujusdam

483 2038 619 2069 Gerardi
642 2038 680 2068 (10
702 2038 733 2068 la
755 2038 866 2076 Η113Ῐ12
889 2037 1012 2068 circiter
1035 2037 1153 2067 festum
1176 2036 1293 2067 Sancte
1316 2035 1494 2066 Katherine
1517 2033 1655 2072 Virginis
1669 2034 1690 2051 ¹³
1711 2032 1827 2063 ultimo

764 168 885 194 CASES
912 167 1071 193 BEFORE
1099 167 1178 192 THE
1206 167 1344 193 KING’S
1371 167 1548 193 COUNCIL

1180 2106 1308 2138 blotting.
1359 2107 1402 2131 An
1434 2105 1626 2131 endor-sement
1658 2103 1767 2128 written
1799 2102 1827 2128 in

1180 2144 1293 2170 modern
1314 2143 1394 2169 times
1414 2142 1505 2168 reads:
1538 2142 1577 2167 Dc
1598 2142 1703 2167 Rasum
1723 2141 1828 2165 numeri

529 2110 538 2125 S
556 2108 615 2134 The
631 2108 711 2134 claim
726 2108 754 2134 of
768 2107 841 2134 John
856 2107 1003 2140 Lydeyard
1018 2107 1067 2133 has
1082 2110 1132 2133 not

483 2146 552 2171 been
566 2146 668 2171 traeed.

529 2186 538 2200 ⁹
556 2183 615 2209 The
631 2183 745 2215 original
760 2183 909 2209 document
928 2183 1131 2214 (Inqmsssz'tz'ones

484 2225 541 2253 post
558 2224 671 2252 morlcm,
690 2222 723 2246 27
741 2220 792 2246 Ed.
812 2221 864 2251 ΙΙΙ,
883 2220 925 2246 file
945 2221 1002 2251 121,
1021 2229 1065 2245 110.
1084 2220 1129 2250 27)

483 2258 572 2284 shows
587 2258 633 2284 the
647 2266 739 2284 rasure
753 2258 810 2289 just
825 2267 854 2283 as
868 2258 890 2283 is
904 2257 966 2283 here
980 2257 1130 2283 described.

484 2295 542 2321 The
568 2304 660 2321 rasurc
685 2304 741 2321 was
766 2295 881 2327 roughly
908 2295 995 2326 made,
1023 2294 1132 2326 leaving

484 2336 572 2359 traces
595 2333 623 2358 of
647 2332 694 2358 the
716 2333 818 2358 former
841 2332 957 2364 wflting,
982 2332 1060 2357 while
1084 2331 1131 2357 the

484 2370 553 2395 later
569 2370 677 2402 writing
694 2370 715 2396 is
732 2370 842 2396 blacker
858 2370 926 2395 than
944 2369 990 2395 the
1007 2369 1129 2401 original,

484 2416 558 2433 more
580 2407 689 2439 heavily
711 2407 805 2433 drawn
827 2407 881 2433 and
904 2407 953 2433 has
974 2407 1072 2439 spread
1094 2407 1131 2438 by

1179 2182 1230 2207 XL
1246 2182 1319 2212 iufra
1335 2182 1424 2212 script.
1442 2180 1497 2205 vide
1513 2179 1546 2204 111
1548 2177 1679 2204 emoraml'
1696 2179 1726 2203 in
1743 2177 1827 2202 Dorso

1180 2220 1270 2245 Clans.
1285 2219 1316 2244 (lc
1333 2227 1404 2244 αηηο
1418 2218 1443 2242 h.
1458 2219 1483 2243 6.
1498 2226 1533 2242 m.
1548 2218 1564 2247 4
1582 2217 1607 2241 d.
1640 2215 1699 2241 The
1715 2214 1827 2240 Statute

1179 2258 1195 2282 8
1213 2257 1272 2282 Rie.
1291 2256 1327 2287 ΙΙ,
1346 2264 1368 2281 e.⁴
1386 2256 1402 2280 4
1420 2254 1529 2287 applied
1546 2256 1576 2279 to
1592 2253 1710 2279 offences
1727 2252 1755 2278 of
1772 2251 1827 2277 this

1179 2294 1254 2319 kind.
1286 2293 1335 2319 See
1348 2292 1464 2323 Introd,
1478 2301 1505 2324 p.
1519 2291 1591 2318 cviii.

1225 2334 1244 2348 ¹⁰
1262 2331 1370 2362 Keeper
1386 2330 1414 2356 of
1430 2329 1477 2355 the
1491 2328 1599 2355 records
1612 2327 1639 2353 in
1657 2326 1703 2353 the
1718 2327 1826 2358 Tower;

1179 2378 1195 2394 a
1205 2368 1278 2394 clerk
1288 2368 1315 2393 in
1326 2367 1372 2393 the
1383 2367 1518 2398 chancery
1528 2365 1664 2396 receiving
1673 2367 1825 2395 attorneys.

1179 2406 1236 2432 Cal.
1251 2406 1310 2431 Pat.
1327 2406 1358 2431 12
1371 2405 1443 2431 Hen.
1457 2404 1505 2436 VI,
1520 2404 1579 2435 309,
1594 2403 1653 2434 332,
1667 2404 1720 2427 etc.
