2112 2901
497 212 521 247 6
786 221 907 247 CASES
930 220 1089 246 BEFORE
1113 220 1193 245 THE
1217 219 1355 246 KING’S
1378 219 1555 246 COUNCIL

499 299 658 330 Thomam
679 309 735 336 pro
755 308 791 329 eo
813 297 899 336 quod
921 296 1107 336 hujusmodi
1128 296 1362 328 monicionibus
1380 300 1412 328 et
1435 296 1628 328 iussionibus
1646 297 1710 328 suis
1729 297 1760 327 in
1777 296 1836 327 hoc

500 359 609 387 parere
621 352 808 378 recusarunt
819 347 950 386 majoris
959 346 1300 378 excommunicacionis
1311 345 1508 377 sentenciam
1521 346 1552 376 in
1566 346 1662 384 Regis
1673 350 1838 384 contemp-

499 402 570 429 tum
588 402 617 429 ct
637 397 804 435 dignitatis
822 397 916 435 Regis
934 397 1031 435 Regie
1048 396 1199 427 lesionem
1215 400 1248 427 et
1265 399 1377 427 contra
1393 400 1631 427 sacramentum
1647 407 1741 427 suum
1758 395 1839 434 Regi

498 452 531 479 et
547 458 661 478 corone
675 458 730 478 sue
746 447 916 485 prestitum
931 445 1123 483 11111011111111,4
1138 457 1157 477 a
1171 456 1235 484 qua
1250 445 1380 484 quidem
1395 445 1557 476 sentencia
1572 445 1707 484 predicti
1721 445 1839 476 Willel-

500 508 581 534 mus,
598 497 783 533 willelmus,
799 497 918 533 Simon,
935 496 1100 527 Galfridus
1110 500 1143 527 et
1157 496 1299 526 Thomas
1313 495 1354 526 ad
1368 495 1543 526 tuicionem
1553 495 1636 526 sedis
1647 495 1743 526 Curie
1754 495 1840 526 Can-

501 547 670 578 tuariensis
683 547 895 584 appellarunt,
909 546 991 577 sicut
1004 557 1059 584 per
1071 546 1228 584 quasdam
1240 545 1348 576 literas
1360 548 1509 583 patentes
1520 545 1621 583 sigillo
1633 544 1839 575 officialitatis

502 597 598 627 Curie
615 596 756 634 predicte
769 596 911 634 signatas
925 606 1032 626 coram
1048 597 1133 633 Rege
1146 599 1179 626 et
1193 595 1323 626 consilio
1336 605 1394 626 suo
1407 595 1566 626 exhibitas
1579 598 1611 625 et
1626 595 1724 625 lectas
1738 594 1840 633 liquet

502 647 681 677 manifeste.
719 647 762 676 Et
778 646 854 684 quia
870 645 1053 676 huiusmodi
1069 645 1257 676 libertatum
1273 655 1327 676 seu
1344 645 1499 675 lesionum
1515 644 1689 675 earundem
1705 644 1841 682 cognici-

501 707 578 727 ones
592 700 622 727 et
637 696 833 726 corecciones
844 695 885 726 ad
900 706 1050 726 coronam
1063 699 1095 726 et
1108 695 1301 733 dignitatem
1316 694 1411 733 Regis
1424 694 1604 732 specialiter
1618 693 1790 732 pertinent,
1804 704 1839 724 ac

503 746 648 784 prefatus
660 745 838 783 Episcopus
848 745 1046 783 cognicioncs
1060 748 1092 776 et
1104 745 1300 775 corecciones
1312 743 1495 775 huiusmodi
1506 744 1547 775 ad
1558 743 1841 775 exheredacionem

504 796 600 833 Regis
615 800 648 827 et
664 796 789 826 Corone
805 799 837 826 et
856 794 1025 834 dignitatis
1045 794 1142 833 Regie
1157 794 1309 826 lesionem
1325 794 1531 825 manifestam
1549 793 1664 824 nititur
1676 803 1840 831 usurpare,

503 845 589 884 quod
610 845 766 876 sustinere
781 855 845 875 non
862 845 933 875 vult
950 845 1017 875 Rex
1033 845 1127 875 sicuti
1143 855 1200 875 nec
1217 843 1322 881 debet,
1340 854 1396 875 nec
1418 843 1601 874 huiusmodi
1618 847 1843 881 contemptum

503 899 536 926 et
554 895 835 933 transgressionem
850 895 1025 933 relinquere
1040 905 1102 925 non
1122 894 1191 925 vult
1207 895 1275 925 Rex
1288 894 1453 932 inpunitos
1468 893 1629 931 prefatum
1646 893 1843 930 Episcopum

505 955 560 983 per
572 955 681 976 01111105
693 949 793 976 terras
804 948 836 975 et
847 948 1031 975 tenementa
1041 954 1103 982 que
1115 944 1153 975 de
1166 944 1251 982 Rege
1262 947 1351 974 tenet
1362 944 1393 973 in
1404 943 1530 974 Balliua
1541 953 1599 974 sua
1610 943 1676 974 sine
1688 942 1844 973 dilacione

504 995 686 1032 distringat,
704 994 750 1025 ita
766 994 852 1033 quod
870 1004 926 1025 1100
944 994 1010 1032 ipse
1026 1004 1083 1025 nec
1101 993 1215 1032 aliquis
1232 1004 1287 1031 per
1304 993 1408 1031 ipsum
1427 1003 1560 1024 manum
1580 992 1621 1023 ad
1642 1003 1679 1023 ea
1699 995 1844 1030 apponat

505 1045 606 1075 donee
623 1044 709 1074 aliud
727 1044 800 1074 inde
816 1044 875 1074 sibi
892 1043 1068 1082 preceperit
1085 1044 1163 1080 Rex,
1180 1046 1213 1074 et
1234 1043 1320 1081 quod
1341 1043 1473 1073 haberet
1492 1042 1629 1074 eundem
1648 1041 1845 1080 Episcopum

505 1094 537 1124 in
559 1094 685 1132 propria
708 1104 842 1131 persona
862 1104 920 1124 sua
940 1104 1047 1124 coram
1068 1094 1154 1131 Rege
1174 1093 1225 1123 hic
1246 1093 1286 1123 ad
1309 1092 1394 1123 hunc
1415 1092 1499 1123 diem
1519 1092 1637 1123 scilicet
1659 1092 1690 1122 in
1712 1090 1845 1122 Octabis

504 1143 609 1175 sancti
626 1143 751 1174 Hillarii
769 1143 809 1174 ad
826 1143 1085 1181 respondendum
1103 1142 1182 1181 Regi
1199 1143 1238 1173 de
1255 1146 1444 1180 contemptu
1461 1146 1493 1173 et
1510 1141 1759 1180 transgressione
1776 1151 1846 1179 pre-

507 1194 610 1229 dictis,
626 1198 655 1224 et
672 1193 712 1224 ad
728 1193 909 1224 faciendum
924 1197 956 1224 et
970 1193 1187 1231 recipiendum
1200 1192 1334 1223 vlterius
1345 1192 1431 1230 quod
1446 1192 1545 1222 Curia
1559 1191 1655 1229 Regis
1666 1190 1846 1221 considera-

506 1243 589 1274 verit
608 1243 639 1273 in
661 1243 719 1273 hac
742 1247 833 1281 parte
848 1247 880 1273 et
896 1243 992 1273 modo
1008 1243 1097 1273 venit
1118 1242 1280 1280 predictus
1301 1242 1479 1280 Episcopus
1494 1245 1526 1272 et
1541 1241 1686 1272 similiter
1702 1242 1846 1279 Rogerus

507 1293 546 1324 de
564 1294 746 1331 Ingepenne
762 1293 817 1331 qui
834 1293 979 1332 sequitur
996 1303 1052 1330 pro
1070 1303 1141 1330 rege
1157 1296 1190 1323 et
1207 1292 1285 1322 dicit
1302 1292 1388 1330 quod
1406 1291 1456 1322 die
1474 1291 1593 1322 Martis
1610 1290 1755 1329 proxima
1770 1293 1846 1320 ante

507 1343 627 1374 Gulam
643 1343 780 1380 Augusti
795 1353 880 1373 anno
897 1342 999 1380 Regni
1016 1342 1111 1380 Regis
1125 1352 1210 1372 nunc
1226 1342 1290 1372 xxi0
1306 1341 1469 1380 predictus
1484 1341 1663 1379 Episcopus
1678 1339 1847 1378 Wygorni-

507 1393 591 1423 ensis
611 1403 665 1430 per
684 1392 822 1423 decanos
840 1403 914 1423 suos
934 1392 1009 1423 fecit
1028 1392 1204 1431 quamdam
1223 1391 1465 1430 inquisicionem
1485 1391 1526 1422 ad
1545 1390 1772 1429 inquirendum
1791 1389 1847 1428 qui

507 1446 661 1480 ceperunt
682 1442 844 1481 quendam
866 1443 1038 1473 Latronem
1059 1442 1219 1472 Thomam
1241 1441 1370 1472 nomine
1393 1441 1424 1471 in
1449 1451 1549 1479 parva
1573 1440 1742 1477 Inteberge
1764 1439 1848 1469 infra

507 1492 691 1523 libert-atem
703 1503 794 1522 suam
805 1492 837 1522 in
852 1492 1065 1531 prejudicium
1076 1495 1182 1522 status
1195 1491 1324 1522 ecclesie
1335 1501 1400 1528 5110,
1416 1501 1472 1529 per
1483 1501 1581 1529 quam
1593 1489 1723 1529 quidem
1738 1488 1849 1527 Inqui-

674 1599 823 1617 FOOTNOTE
841 1599 877 1617 TO
897 1599 984 1617 LATIN

554 1647 562 1661 ⁴
581 1645 647 1670 This
659 1654 723 1677 may
733 1645 766 1671 be
775 1654 791 1670 a
800 1645 905 1671 clerical
917 1654 990 1670 error
1001 1645 1043 1670 for
1058 1644 1157 1670 “inno-

509 1683 608 1709 tavit''
647 1683 696 1708 See
711 1683 756 1708 Du
772 1682 873 1715 Cange,
886 1691 907 1708 5.
920 1691 946 1708 v.
959 1684 1089 1708 innotare.

649 1769 816 1787 FOOTNOTES
836 1769 872 1787 ΤΟ
891 1769 1017 1787 ENGLISH

557 1817 566 1831 ²³
586 1816 600 1827 “
613 1815 671 1840 Τ110
688 1819 793 1847 greater
808 1815 1074 1841 excommunication
1095 1835 1100 1840 .
1122 1835 1127 1840 .
1149 1835 1154 1840 .

511 1853 634 1878 involves
654 1857 702 1878 not
720 1853 785 1884 only
804 1852 939 1878 exclusion
959 1853 1029 1878 from
1048 1852 1156 1884 passive

511 1890 686 1916 communion
708 1889 736 1915 in
758 1889 805 1915 the
827 1893 1002 1921 sacraments,
1026 1889 1076 1915 but
1099 1889 1155 1915 also

511 1927 647 1953 exclusion
659 1927 729 1952 from
741 1927 830 1952 active
842 1927 1017 1952 communion
1029 1927 1056 1952 in
1070 1926 1153 1959 them,

512 1964 567 1990 and
583 1965 652 1990 from
669 1964 703 1989 all
717 1964 880 1989 association
894 1964 960 1989 with
974 1964 1020 1989 the
1033 1964 1154 1990 faithful.

513 2001 589 2027 With
609 2010 660 2027 one
680 2002 744 2027 thus
763 2001 1015 2027 excommunicates}
1035 2002 1089 2027 and
1110 2001 1155 2027 de-

513 2039 637 2065 nounced
654 2039 690 2071 by
706 2047 794 2071 name,
812 2048 846 2064 no
862 2039 973 2070 layman
989 2038 1075 2064 under
1091 2039 1155 2071 pain

513 2077 541 2102 of
554 2076 600 2102 the
614 2077 693 2101 100501
705 2076 977 2107 0)(001111111111101111011,
992 2085 1041 2101 nor
1055 2076 1155 2108 clergy-

514 2123 586 2145 man,
608 2114 694 2139 under
713 2113 778 2146 pain
797 2113 826 2139 01
845 2113 1004 2145 suspension
1024 2114 1094 2139 from
1114 2113 1156 2139 his

513 2151 598 2183 office,
616 2160 680 2182 may
696 2151 766 2176 have
782 2151 918 2182 relations,
936 2151 1022 2176 either
1038 2150 1065 2176 in
1082 2151 1155 2183 food,

513 2188 602 2220 drink,
618 2197 723 2220 prayer,
738 2197 768 2214 or
782 2188 829 2214 the
843 2188 898 2213 kiss
908 2188 936 2213 01
947 2188 1056 2220 peace.'’
1085 2188 1118 2213 O.
1130 2188 1154 2214 J.

514 2226 633 2257 Reichel,
654 2226 784 2257 Complete
803 2226 919 2251 Manual
936 2226 965 2257 os
982 2226 1074 2251 Canon
1094 2226 1156 2251 Law

517 2264 618 2295 (1896),
633 2263 658 2295 ii,
675 2265 731 2288 140.

561 2302 569 2316 ⁹
587 2300 654 2326 This
673 2300 848 2332 presumably
867 2300 949 2325 refers
969 2303 998 2325 to
1018 2299 1065 2326 the
1085 2300 1157 2326 Con-

515 2337 657 2363 stitutions
684 2338 712 2363 01
739 2337 893 2364 Clarendon
920 2338 1020 2370 (1164),
1049 2346 1108 2370 cap.
1131 2338 1156 2363 7.

517 2375 644 2400 “Nullus
662 2375 708 2407 qui
726 2375 759 2400 de
777 2383 837 2406 rege
855 2378 930 2400 tenet
947 2374 974 2400 in
992 2375 1089 2407 capite,
1108 2383 1157 2401 nec

515 2412 614 2444 aliquis
647 2412 845 2438 dominicorum
879 2411 1065 2437 ministrorum
1098 2412 1158 2444 ejus

515 2450 764 2476 excommunicetur
785 2469 790 2475 .
812 2469 817 2475 .
839 2470 844 2475 .
863 2449 915 2475 nisi
935 2449 1010 2482 prius
1030 2449 1158 2476 dominus

1207 1599 1260 1622 rex,
1275 1590 1297 1615 si
1311 1590 1338 1616 in
1352 1594 1424 1616 terra
1437 1590 1526 1622 suerit,
1538 1589 1724 1621 conveniatur,
1735 1589 1777 1614 vel
1788 1588 1849 1614 Jus-

1208 1628 1270 1654 titia
1280 1629 1347 1660 ejus,
1359 1628 1380 1653 si
1392 1628 1473 1653 fuerit
1483 1631 1559 1653 extra
1569 1635 1690 1659 regnum,
1703 1630 1733 1652 ut
1744 1629 1849 1652 rectum

1208 1665 1241 1691 de
1256 1665 1315 1697 ipso
1330 1665 1441 1691 saciat.”
1475 1665 1534 1691 The
1548 1665 1635 1690 bailiff
1649 1664 1677 1690 of
1692 1664 1739 1690 the
1754 1671 1850 1689 manor

1208 1703 1297 1728 would
1318 1703 1351 1728 be
1372 1703 1458 1728 bailiff
1478 1702 1506 1728 of
1526 1702 1573 1728 the
1593 1702 1734 1727 demesnes
1754 1700 1850 1727 within

1208 1740 1262 1766 this
1275 1739 1473 1766 Constitution.

1243 1779 1262 1793 ¹⁰
1279 1777 1339 1803 The
1352 1777 1418 1802 oath
1432 1777 1460 1802 of
1474 1776 1521 1802 the
1534 1776 1645 1808 bishops
1659 1784 1689 1801 as
1703 1778 1744 1801 set
1758 1778 1807 1801 out
1821 1774 1849 1800 in

1207 1814 1254 1840 the
1268 1815 1381 1840 statutos
1394 1815 1423 1846 os
1435 1815 1474 1840 the
1489 1815 1589 1845 Rcalm,
1602 1813 1618 1845 i,
1630 1814 1689 1845 249,
1703 1821 1778 1838 runs:
1808 1811 1824 1825 “
1836 1812 1850 1837 I

1207 1852 1259 1877 will
1280 1852 1314 1877 be
1333 1852 1443 1877 faithful
1464 1851 1519 1876 and
1539 1855 1607 1881 true,
1629 1851 1683 1876 and
1704 1850 1774 1875 saith
1795 1849 1850 1875 and

1206 1889 1311 1921 loyalty
1331 1889 1383 1914 will
1403 1889 1468 1914 bear
1487 1892 1516 1914 to
1534 1888 1580 1914 the
1598 1888 1672 1919 King
1689 1887 1744 1913 and
1763 1891 1791 1913 to
1808 1886 1850 1912 his

1207 1926 1294 1957 Heirs,
1317 1926 1395 1958 kings
1415 1926 1443 1951 01
1463 1925 1598 1957 England‚
1619 1925 1648 1951 01
1668 1925 1726 1950 Life
1747 1924 1802 1950 and
1822 1924 1851 1949 of

1208 1964 1341 1995 Member,
1359 1964 1414 1989 and
1431 1963 1460 1989 01
1476 1963 1583 1995 earthly
1601 1963 1723 1994 Honour,
1742 1961 1850 1994 against

1207 2001 1241 2026 all
1255 2001 1353 2033 People
1364 2001 1424 2026 who
1437 2009 1501 2033 may
1512 2000 1565 2026 live
1577 2000 1632 2025 and
1644 2000 1695 2031 die,
1709 1999 1763 2025 and
1776 1999 1851 2031 truly

1207 2038 1260 2064 will
1277 2038 1479 2070 acknowledge‚
1498 2038 1554 2064 and
1575 2037 1659 2069 freely
1679 2037 1733 2063 will
1750 2037 1785 2063 do
1802 2036 1851 2062 the

1206 2076 1322 2102 services
1340 2075 1427 2101 which
1445 2075 1543 2107 belong
1560 2078 1589 2101 to
1605 2075 1653 2101 the
1670 2073 1851 2106 Temporalty

1207 2113 1235 2139 of
1249 2113 1297 2140 the
1314 2113 1476 2145 Bishoprick
1488 2113 1517 2138 of
1533 2112 1719 2144 (Worcestcr),
1735 2111 1824 2137 which
1838 2111 1851 2136 I

1208 2150 1289 2176 claim
1298 2153 1329 2176 to
1337 2150 1402 2176 hold
1412 2150 1440 2176 01
1449 2158 1512 2182 you,
1523 2150 1579 2176 and
1588 2149 1677 2175 which
1688 2157 1743 2181 you
1754 2148 1852 2174 render

1207 2190 1237 2213 to
1251 2187 1322 2213 me.¹'

1244 2227 1261 2241 ¹¹
1280 2224 1347 2250 This
1362 2233 1417 2250 was
1431 2224 1479 2250 the
1493 2224 1581 2251 Court
1596 2223 1624 2249 01
1638 2223 1748 2255 Arches,
1764 2222 1853 2248 which

1208 2262 1325 2294 perhaps
1345 2261 1497 2294 originated
1518 2261 1546 2287 in
1566 2261 1614 2287 the
1635 2260 1736 2286 middle
1756 2260 1785 2285 of
1804 2259 1852 2286 the

1209 2299 1315 2325 twelfth
1330 2303 1452 2331 century,
1468 2299 1506 2331 by
1520 2307 1581 2330 way
1594 2298 1623 2324 of
1636 2307 1672 2324 au
1686 2300 1808 2329 attempt
1822 2300 1852 2323 to

1208 2337 1279 2362 limit
1298 2337 1345 2363 the
1364 2336 1483 2368 growing
1501 2335 1643 2367 authority
1662 2335 1691 2361 01
1710 2334 1757 2361 the
1776 2334 1853 2360 arch-

1208 2374 1335 2400 deacon’s
1355 2377 1455 2400 courts.
1494 2373 1561 2399 This
1581 2381 1636 2398 was
1656 2372 1727 2398 done
1747 2372 1785 2404 by
1805 2371 1853 2398 the

1209 2411 1329 2437 creation
1340 2411 1368 2437 of
1379 2411 1426 2437 the
1437 2411 1514 2436 office
1523 2410 1552 2436 01
1562 2409 1679 2441 Official3
1700 2418 1717 2435 a
1727 2409 1853 2435 function

1208 2449 1345 2481 generally
1364 2448 1511 2480 devolving
1530 2456 1565 2474 on
1585 2447 1632 2473 the
1652 2446 1804 2473 chancellor
1823 2455 1854 2472 or
