2112 2901
473 173 520 208 52
754 182 874 207 CAsns
901 181 1061 206 BEFORE
1088 181 1168 206 THE
1196 169 1334 206 KxNe’s
1361 180 1537 207 COUNCIL

473 251 690 289 approbatam
705 250 786 281 foret
801 250 983 281 manifeste.
1020 250 1063 280 Et
1078 250 1242 288 predictus
1256 250 1419 281 Robertus
1432 250 1472 281 de
1486 249 1621 281 Fiennes
1635 249 1714 280 dicit
1727 249 1815 288 quod

474 311 585 332 omnes
598 301 637 331 de
650 304 788 338 utroque
801 310 970 338 regnorum
983 299 1097 338 Anglie
1109 303 1142 330 et
1154 299 1288 330 Francie
1299 299 1356 338 qui
1368 299 1534 330 occasione
1545 309 1732 338 guerrarum
1745 309 1815 337 pre-

474 351 634 381 dictarum
647 350 832 381 exheredati
844 350 976 380 fuerunt
988 349 1028 380 de
1040 349 1132 380 terris
1144 352 1178 380 et
1189 349 1425 380 hereditatibus
1437 349 1502 380 suis
1514 349 1546 379 in
1558 349 1678 380 eisdem
1690 348 1816 388 juribus

473 403 505 431 et
526 399 779 438 possessionibus
798 410 861 438 que
880 403 956 430 ante
976 399 1194 437 incepcionem
1214 409 1400 437 guerrarum
1420 398 1639 437 predictarum
1652 399 1677 417 ²⁸
1695 398 1816 429 habue-

474 453 551 480 runt
569 460 625 487 per
642 460 755 488 pacem
774 449 953 488 predictam
971 449 1094 487 integre
1112 448 1238 480 restitui
1257 448 1386 486 debent,
1405 451 1438 479 et
1456 448 1500 479 sic
1518 447 1684 479 restitucio
1702 447 1756 478 illa
1774 447 1815 478 ad

473 499 666 537 alienigenas
678 499 847 537 utruisque
860 499 947 537 regni
961 509 993 529 se
1006 498 1161 536 extendit,
1174 509 1236 536 que
1248 498 1379 536 quidem
1391 508 1453 536 pax
1469 508 1525 536 per
1538 498 1659 536 Regem
1671 497 1817 528 Prelatos

473 552 506 580 et
518 549 693 587 Magnates
704 559 740 580 ac
748 549 1016 579 communitatem
1028 548 1115 586 regni
1127 548 1240 587 Anglie
1251 548 1283 578 in
1295 548 1389 586 pleno
1401 547 1614 586 parliamento
1626 547 1817 578 confirmata

473 602 507 629 et
520 598 629 637 jurata
644 598 716 636 fuit,
731 602 764 629 et
778 598 857 629 dicit
871 598 958 636 quod
973 598 1151 629 manerium
1167 598 1348 636 predictum
1364 597 1530 629 occasione
1545 607 1732 636 guerrarum
1747 607 1817 635 pre-

473 648 635 679 dictarum
653 651 686 679 et
704 659 768 679 non
787 659 824 679 ex
842 648 905 679 alia
924 658 1020 679 causa
1036 648 1076 679 ad
1093 658 1226 679 manum
1243 647 1340 685 Regis
1355 647 1486 678 deuenit
1501 650 1534 678 et
1550 647 1636 685 quod
1653 646 1816 685 predictus

475 698 639 729 Robertus
664 698 703 729 de
729 698 866 729 Fiennes
890 701 939 729 est
965 698 1056 729 heres
1081 697 1198 736 prefati
1224 697 1360 728 Roberti
1385 697 1440 727 filii
1466 696 1616 728 Willelmi
1642 707 1699 735 per
1724 695 1816 735 cujus

475 748 611 779 Roberti
625 747 664 779 de
679 748 815 779 Fiennes
829 747 1036 779 adhesionem
1051 747 1136 786 parti
1155 747 1288 778 aduerse
1308 746 1430 778 domini
1450 746 1546 785 Regis
1565 746 1688 777 dictum
1707 756 1817 776 mane-

475 797 557 828 rium
571 801 704 836 captum
716 797 778 828 fuit
793 797 825 827 in
840 808 974 829 manum
990 797 1096 836 Regis,
1109 800 1142 828 et
1157 808 1194 828 ex
1206 807 1270 835 quo
1286 796 1317 827 id
1333 796 1420 835 quod
1436 807 1492 835 per
1507 807 1619 835 pacem
1635 795 1815 834 predictam

475 857 531 886 per
547 848 650 885 Reges
665 847 834 886 utriusque
849 847 936 885 regni
953 858 1010 885 pro
1026 847 1189 878 communi
1205 846 1348 877 utilitate
1364 857 1534 885 regnorum
1550 845 1768 884 predictorum
1784 848 1817 876 et

475 897 519 928 rei
536 897 662 935 publice
680 897 911 928 concordatum
928 900 987 934 est,
1005 907 1069 927 non
1087 907 1143 934 per
1158 896 1259 934 legem
1277 906 1481 927 communem
1497 895 1621 934 Anglie,
1640 898 1689 926 set
1705 905 1817 926 secun-

474 947 553 977 dum
570 947 636 977 vim
653 951 686 978 et
702 947 919 978 intencionem
936 946 1024 984 pacis
1041 946 1184 984 predicte
1198 946 1313 977 deduci
1327 945 1424 976 debet
1437 949 1470 976 et
1487 944 1663 982 terminari,
1678 944 1817 975 maxime

475 1007 548 1027 cum
566 996 711 1034 predicta
728 996 844 1034 Egidia
860 996 984 1026 nullum
1002 996 1135 1026 titulum
1151 996 1231 1034 juris
1247 995 1279 1025 in
1297 1005 1433 1033 persona
1449 1005 1507 1026 sua
1524 995 1565 1026 ad
1582 994 1817 1026 excludendum

475 1046 657 1084 predictum
675 1046 856 1077 Robertum
873 1046 912 1077 de
929 1046 1065 1077 Fiennes
1081 1046 1120 1076 de
1136 1045 1272 1076 Francia
1288 1045 1329 1076 ab
1346 1045 1475 1076 accione
1492 1055 1549 1075 sua
1565 1044 1718 1081 ostendit,
1736 1047 1769 1075 et
1785 1043 1817 1073 in

474 1095 646 1126 voluntate
658 1096 780 1127 domini
793 1096 889 1134 Regis
901 1095 1010 1126 existit
1022 1095 1217 1126 admittendi
1230 1095 1269 1126 de
1281 1095 1388 1133 gracia
1399 1105 1457 1125 sua
1471 1094 1665 1132 alienigenas
1676 1093 1718 1125 ad
1730 1093 1819 1124 here-

475 1145 596 1176 ditates
610 1156 684 1176 suas
699 1145 865 1177 habendas
879 1145 911 1175 in
927 1156 1024 1184 regno
1038 1145 1151 1183 Anglie
1166 1145 1249 1175 sicut
1264 1144 1465 1183 temporibus
1479 1143 1648 1175 retroactis
1662 1143 1729 1174 fieri
1745 1153 1818 1174 con·
1859 1153 1867 1161 ·

474 1195 591 1233 sueuit,
606 1199 638 1226 et
652 1195 734 1233 petit
747 1195 834 1234 quod
848 1195 971 1226 dictum
984 1195 1164 1226 manerium
1177 1195 1209 1225 in
1221 1205 1354 1225 manum
1367 1194 1463 1233 Regis
1476 1194 1633 1232 capiatur,
1646 1197 1679 1224 et
1691 1193 1818 1231 prefato

475 1245 621 1276 Roberto
637 1245 676 1276 de
692 1245 828 1276 Fiennes
844 1245 883 1276 de
898 1245 1035 1276 Francia
1051 1248 1087 1275 ut
1104 1245 1340 1283 consanguineo
1356 1248 1389 1275 et
1404 1244 1514 1275 heredi
1529 1243 1665 1282 predicti
1682 1242 1818 1274 Roberti

475 1294 531 1325 filii
552 1295 702 1326 Willelmi
721 1295 815 1334 juxta
836 1294 973 1326 formam
995 1294 1083 1332 pacis
1103 1294 1246 1333 predicte
1267 1294 1468 1325 restituatur.
1511 1293 1555 1324 Et
1576 1293 1652 1332 quia
1673 1292 1818 1331 predicto

475 1344 607 1382 negocio
623 1355 731 1375 coram
746 1344 877 1376 domino
892 1345 979 1383 Rege
994 1348 1027 1376 et
1042 1344 1257 1383 Magnatibus
1271 1348 1304 1375 et
1319 1344 1388 1375 aliis
1403 1343 1443 1375 de
1458 1343 1589 1374 consilio
1605 1353 1662 1373 suo
1677 1342 1818 1373 deducto

475 1397 508 1425 et
528 1394 713 1425 examinato
734 1405 789 1432 per
809 1394 915 1433 ipsum
936 1395 1057 1433 Regem
1079 1394 1283 1425 recordatum
1304 1397 1353 1425 est
1373 1393 1555 1432 predictum
1577 1393 1758 1423 Robertum
1779 1391 1818 1423 de

476 1443 612 1475 Fiennes
630 1444 669 1475 de
687 1444 823 1475 Francia
840 1455 907 1475 esse
926 1444 1199 1482 consanguineum
1217 1447 1249 1474 et
1272 1443 1422 1474 heredem
1445 1442 1581 1481 predicti
1604 1441 1740 1473 Roberti
1763 1441 1819 1472 filii

475 1493 625 1524 Willelmi
654 1504 710 1532 per
738 1494 830 1533 cujus
858 1494 1098 1525 forsifacturam
1122 1493 1309 1524 Manerium
1333 1493 1515 1532 predictum
1538 1492 1705 1523 occasione
1727 1502 1819 1530 guer-

476 1553 584 1574 rarum
602 1543 821 1581 predictarum
837 1547 871 1575 et
887 1554 951 1575 non
968 1543 1031 1575 alia
1048 1543 1087 1574 de
1105 1554 1201 1574 causa
1217 1543 1258 1574 ad
1275 1553 1391 1574 manus
1407 1542 1508 1581 ipsius
1524 1542 1621 1581 Regis
1637 1541 1770 1573 deuenit
1786 1544 1819 1572 et

477 1603 533 1631 per
547 1593 672 1624 dictum
688 1594 809 1632 Regem
825 1597 857 1624 et
873 1604 984 1625 omnes
999 1594 1175 1632 Magnates
1190 1596 1223 1624 et
1238 1593 1317 1624 alios
1332 1593 1371 1624 de
1387 1592 1517 1623 consilio
1533 1592 1632 1630 ipsius
1648 1591 1745 1630 Regis
1759 1590 1820 1621 sibi

476 1643 665 1674 assistentes
678 1643 910 1674 concordatum
922 1643 985 1674 fuit
997 1643 1084 1681 quod
1098 1646 1260 1674 tractatus
1272 1642 1360 1681 pacis
1372 1642 1536 1681 predictus
1548 1642 1580 1672 in
1593 1641 1743 1673 omnibus
1755 1640 1821 1671 suis

476 1692 621 1723 articulis
642 1693 832 1724 obseruetur
853 1697 886 1724 et
908 1697 1058 1724 teneatur
1079 1696 1112 1724 et
1133 1693 1315 1724 execucioni
1337 1692 1551 1723 demandetur
1572 1690 1821 1730 allegacionibus

477 1742 629 1780 predictis
646 1753 710 1774 non
727 1743 944 1780 obstantibus,
962 1743 1049 1781 quod
1066 1743 1141 1773 licet
1157 1743 1215 1773 fiat
1231 1743 1263 1773 in
1280 1742 1340 1773 hoc
1357 1752 1432 1773 casu
1449 1741 1578 1780 speciali
1595 1752 1652 1779 pro
1668 1740 1822 1772 reforma-

478 1792 568 1822 cione
588 1793 676 1830 pacis
694 1792 895 1823 observande
913 1792 1007 1831 juxta
1024 1792 1091 1822 vim
1110 1793 1263 1823 effectum
1282 1795 1314 1823 et
1333 1791 1549 1822 intencionem
1568 1790 1713 1830 ejusdem
1732 1789 1820 1828 pacis

476 1841 540 1880 juri
555 1845 665 1872 tamen
680 1842 843 1872 communi
857 1842 889 1872 in
904 1842 974 1873 aliis
988 1842 1114 1873 casibus
1128 1841 1313 1872 nullatenus
1327 1841 1509 1879 derogatur,
1525 1851 1581 1879 per
1594 1840 1681 1878 quod
1696 1839 1821 1871 consid-

476 1894 604 1922 eratum
619 1895 667 1922 est
681 1891 768 1930 quod
783 1892 969 1922 Manerium
984 1891 1166 1930 predictum
1180 1891 1212 1922 in
1226 1902 1360 1922 manum
1375 1891 1471 1929 Regis
1485 1890 1633 1921 seisiatur
1646 1893 1680 1921 et
1693 1889 1820 1928 prefato

477 1941 622 1971 Roberto
637 1941 676 1972 de
692 1941 829 1972 Fiennes
844 1941 883 1972 de
899 1941 1035 1972 Francia
1051 1945 1088 1972 ut
1103 1941 1340 1979 consanguineo
1356 1944 1389 1972 et
1409 1940 1518 1972 heredi
1533 1939 1670 1978 predicti
1685 1939 1820 1970 Roberti

476 1990 533 2020 filii
555 1990 705 2021 Willehni
726 1991 820 2029 juxta
842 1991 980 2022 formam
1003 1991 1091 2029 pacis
1114 1991 1257 2029 predicte
1280 1991 1481 2027 restituatur,
1505 1993 1537 2021 et
1560 1993 1749 2028 preceptum
1771 1991 1821 2020 est

477 2039 659 2071 vicecomiti
680 2040 764 2071 Buk’
785 2041 873 2079 quod
895 2041 1080 2072 Manerium
1102 2040 1283 2079 predictum
1306 2051 1378 2071 cum
1405 2039 1610 2078 pertinenciis
1632 2039 1664 2070 in
1686 2049 1821 2070 manum

477 2089 575 2128 Regis
587 2090 653 2121 sine
665 2090 822 2121 dilacione
834 2090 934 2121 seisiri
946 2094 978 2122 et
990 2090 1068 2121 illud
1082 2090 1236 2121 custodiri
1248 2090 1347 2121 faciat
1359 2100 1504 2128 quousqe
1516 2089 1604 2121 aliud
1616 2100 1635 2120 a
1647 2089 1735 2127 Rege
1746 2088 1821 2119 inde

477 2139 628 2170 habuerit
650 2140 683 2170 in
706 2140 880 2171 mandatis.
937 2140 1062 2179 Quibus
1087 2140 1219 2172 recordo
1242 2143 1275 2171 et
1298 2150 1448 2178 processu
1472 2150 1545 2170 cum
1568 2139 1728 2177 peticione
1751 2148 1821 2176 pre-

477 2189 566 2220 dicta
583 2189 660 2220 visis
677 2193 710 2221 et
727 2190 919 2221 examinatis
936 2201 973 2221 ac
991 2190 1137 2228 inspecto
1154 2190 1402 2221 irrotulamento
1420 2193 1507 2220 carte
1525 2199 1581 2228 per
1597 2199 1697 2228 quam
1714 2187 1821 2219 dictus

512 2278 534 2293 ²⁸
552 2276 650 2303 Active
660 2276 805 2304 hostilities
817 2277 905 2309 began
916 2277 944 2303 in
954 2277 1123 2309 September,
1176 2277 1214 2310 by
1228 2277 1348 2303 Edward
1363 2277 1415 2302 III.
1449 2277 1572 2303 Political
1585 2277 1697 2308 History
1709 2275 1738 2308 of
1750 2276 1822 2308 Eny-

480 2315 554 2346 1339,
572 2314 639 2340 with
655 2314 702 2340 the
718 2314 844 2341 invasion
859 2315 888 2340 of
904 2315 951 2340 the
967 2315 1124 2341 Cambresis
1176 2315 1240 2340 land
1255 2315 1298 2346 (T.
1313 2315 1344 2340 F.
1357 2315 1453 2347 Tout),
1469 2313 1524 2340 vol.
1538 2314 1574 2345 iii,
1589 2322 1615 2346 p.
1629 2314 1690 2340 339.
