2112 2901
384 1149 462 1180 1350

490 175 537 210 33
771 185 892 211 CAsEs
918 185 1077 211 BEFORE
1105 186 1184 211 THE
1213 186 1350 212 KING’s
1377 186 1554 212 COUNCIL

489 262 598 293 furont
623 263 796 301 pristeront
818 267 986 294 meneront
1009 267 1107 302 tanqe
1130 274 1149 294 a
1171 264 1354 302 Blakeneye
1377 268 1410 295 et
1432 265 1472 295 de
1494 275 1549 296 ceo
1572 268 1653 296 ount
1675 265 1740 296 sete
1762 265 1832 297 lour

489 312 631 343 volunte.
682 314 725 344 Et
741 313 785 344 les
801 313 994 344 Marehantz
1010 317 1043 344 et
1059 317 1134 344 touz
1150 314 1194 344 les
1210 314 1370 345 Mariners
1386 324 1425 352 qe
1441 314 1550 345 furont
1566 325 1604 345 en
1621 315 1651 345 16
1667 315 1733 346 dite
1749 315 1833 346 Neef

488 372 543 393 sur
558 362 588 393 la
603 373 706 393 venue
722 363 749 393 le
765 363 813 393 dit
829 363 952 393 Robert
968 363 1090 401 Leveys
1106 367 1139 394 et
1158 374 1207 394 ses
1228 364 1456 402 compaignons
1476 364 1515 395 de
1535 364 1566 394 16
1587 363 1653 394 dite
1669 364 1752 395 Neef
1771 374 1831 403 pur

489 412 587 443 doute
608 412 738 443 fuiront.
778 412 828 443 De
849 413 921 451 quel
944 416 1067 451 trespas
1088 413 1116 444 le
1136 413 1185 444 dit
1206 413 1381 444 Marehant
1398 413 1464 452 prie
1480 424 1520 452 qe
1540 414 1677 445 remedie
1698 414 1753 453 luy
1769 414 1832 445 soit

488 461 557 491 fait.

544 511 722 549 [Endorsecl,
736 511 823 550 1.·—]
855 511 1061 542 Lavisement-
1076 511 1118 543 du
1136 512 1296 543 Counseil.

545 561 569 591 Il
584 562 703 592 semble
719 572 760 592 au
776 562 892 592 conseil
908 562 933 592 si
950 562 969 592 il
986 562 1081 600 pleise
1102 573 1121 593 a
1142 566 1249 594 nostre
1272 562 1405 601 Seignur
1428 563 1456 593 16
1478 562 1539 593 Roi
1563 562 1605 601 qil
1628 566 1676 593 est
1697 562 1770 594 bien
1791 573 1831 602 qe

488 614 596 641 nostre
610 611 736 649 seignur
750 612 866 642 mande
881 622 899 642 a
914 622 987 643 00115
1001 622 1040 650 qe
1054 616 1127 643 sont
1142 623 1253 643 nomez
1269 616 1484 650 trespassours
1499 623 1538 643 en
1556 616 1657 643 eestes
1675 613 1831 650 peticions

488 670 546 698 par
573 660 682 691 lettres
709 671 835 699 asperes
862 672 967 700 queux
994 662 1101 693 faeent
1124 662 1201 693 dues
1228 662 1431 693 restitucions
1453 666 1526 693 sant
1549 662 1642 700 delay
1665 663 1719 693 des
1742 662 1831 694 biens

487 710 579 741 issint
595 711 693 749 prises
708 721 749 742 ou
765 711 808 749 qil
824 711 924 742 seient
940 712 1061 742 devant
1076 712 1104 743 le
1120 712 1181 743 Roi
1197 722 1216 742 6
1231 712 1348 743 certein
1363 712 1436 751 jour
1451 712 1490 743 de
1509 712 1681 750 respond1·e
1701 722 1755 743 sur
1775 722 1830 742 ceo

487 763 519 790 et
535 771 554 791 a
569 760 663 791 estier
679 772 698 791 a
714 761 805 792 (lreit.

543 810 585 848 [2:
598 810 648 848 —]
679 811 813 842 Lassent
830 811 900 849 puis
917 811 960 841 du
978 812 1073 849 Roy.⁹

542 860 585 890 Le
603 861 663 891 Roi
681 864 758 891 veut
776 872 795 899 q
814 861 880 891 ensi
897 861 957 892 soit
976 861 1036 892 fait
1052 865 1085 892 et
1102 872 1141 900 qe
1158 861 1201 892 les
1218 861 1300 892 siens
1316 872 1354 892 ne
1367 861 1470 892 soient
1483 871 1522 892 en
1537 871 1571 892 06
1585 861 1650 892 rien
1666 861 1828 899 esparniez

487 909 558 948 plus
574 921 613 948 qe
630 915 747 941 autres.
786 911 851 941 Car
867 911 886 940 il
905 911 947 941 lui
965 911 1084 941 semble
1100 922 1139 949 qe
1156 911 1200 941 les
1217 911 1299 941 siens
1316 912 1466 942 (leussent
1482 911 1563 942 melz
1579 911 1692 949 garder
1708 911 1739 941 la
1756 921 1829 949 pees

486 970 506 998 q
524 964 640 991 autres.
679 961 722 991 Et
739 970 798 998 pur
814 971 848 991 06
865 964 942 991 veut
958 961 1001 999 qil
1017 961 1120 991 soient
1137 961 1275 991 chastiez
1292 961 1452 992 aussibien
1469 971 1558 992 come
1574 964 1691 991 autres.

767 1073 1063 1102 EXAMINATION
1090 1074 1140 1102 OF
1162 1074 1341 1102 GILBERT
1364 1073 1548 1102 BLOUNT¹

541 1151 792 1182 Memorandum
812 1152 899 1190 quod
920 1152 1084 1183 Gilbertus
1103 1152 1131 1183 16
1150 1152 1272 1183 Blount
1285 1154 1295 1170 ²
1314 1152 1353 1183 de
1373 1152 1498 1190 Plessys
1518 1151 1607 1182 venit
1628 1151 1678 1182 die
1698 1151 1828 1182 Veneris

486 1200 637 1232 vicesimo
654 1202 794 1232 secundo
812 1202 862 1233 die
881 1202 1022 1232 Ianuarii
1040 1212 1124 1233 anno
1142 1202 1229 1240 regni
1247 1202 1368 1233 domini
1386 1201 1536 1232 Edwardi
1553 1201 1649 1239 Regis
1665 1201 1777 1239 Anglie
1795 1204 1828 1232 et

485 1251 511 1281 F
513 1251 628 1289 rancie,
651 1252 763 1290 Anglie
785 1252 934 1282 videlieet
956 1252 1106 1283 vicesimo
1128 1252 1226 1283 tercio
1248 1256 1280 1282 et
1302 1252 1434 1282 Franeie
1456 1251 1589 1289 decimo,
1613 1251 1699 1289 apud
1725 1251 1829 1282 West-

470 1301 716 1343 *monasterium
738 1302 769 1331 in
791 1301 1023 1332 Caneellariam
1046 1302 1180 1340 predicti
1202 1302 1297 1340 Regis
1319 1312 1426 1332 coram
1448 1301 1646 1332 Caneellario
1659 1302 1670 1319 ³
1690 1304 1723 1331 et
1744 1300 1828 1332 The-

485 1351 628 1381 saurario
640 1352 650 1368 ⁴¹
669 1354 701 1382 et
720 1351 789 1382 aliis
807 1351 846 1382 de
865 1351 995 1382 consilio
1014 1351 1112 1390 ipsius
1131 1352 1226 1390 Regis
1245 1355 1322 1382 tune
1341 1351 1459 1382 ibidem
1478 1351 1688 1382 existentibus
1706 1350 1828 1381 virtute

486 1400 652 1431 cuiusdam
670 1401 775 1432 brevis
793 1401 871 1432 dicti
889 1401 985 1439 Regis
1002 1402 1105 1432 eidem
1123 1401 1269 1432 Gilberto
1287 1401 1408 1432 directo
1426 1401 1465 1432 de
1483 1401 1615 1432 essendo
1633 1410 1740 1431 coram
1758 1400 1827 1438 ipso

485 1450 573 1489 Rege
591 1454 624 1481 et
643 1451 772 1481 consilio
791 1461 849 1481 suo
868 1451 899 1481 in
919 1451 1106 1482 cancellaria
1125 1462 1192 1489 sua,
1213 1451 1253 1482 ad
1273 1451 1512 1482 informandum
1531 1450 1636 1489 ipsum
1656 1451 1776 1488 Regem
1794 1453 1828 1481 et

485 1500 650 1531 consilium
672 1511 765 1531 51111111
785 1511 881 1539 super
900 1501 1060 1539 aliquibus
1081 1501 1206 1539 prefato
1227 1501 1373 1532 Gilberto
1393 1511 1430 1531 ex
1450 1504 1542 1539 parte
1562 1500 1640 1531 dicti
1660 1500 1756 1538 Regis
1776 1510 1828 1530 ex-

485 1550 649 1588 ponendis,
667 1554 699 1581 et
714 1551 755 1581 ad
771 1550 953 1581 faciendum
970 1551 1056 1589 quod
1072 1551 1132 1582 sibi
1148 1561 1203 1589 per
1218 1551 1341 1581 dietum
1358 1551 1478 1588 Regem
1494 1553 1526 1581 et
1541 1549 1708 1581 eonsilium
1723 1549 1827 1580 iniun-

483 1602 635 1639 ge1·etur.⁵
675 1601 719 1631 Et
737 1600 822 1631 idem
842 1601 1016 1638 Gssbertus,
1037 1601 1156 1631 ibidem
1175 1601 1299 1631 iuratus
1318 1604 1350 1631 et
1369 1600 1571 1631 examinatus
1583 1601 1593 1618 ⁶
1613 1600 1652 1630 de
1671 1599 1775 1630 forma
1794 1602 1827 1630 et

484 1650 669 1681 condicione
695 1650 811 1688 quibus
838 1651 980 1681 Thomas
1006 1651 1127 1689 Fabel,⁷
1153 1661 1235 1681 unus
1262 1650 1467 1681 collectorum
1494 1649 1615 1681 decime
1641 1653 1674 1680 et
1699 1649 1826 1688 quinte-

483 1700 605 1731 decime
621 1700 707 1731 dieto
723 1700 803 1738 Regi
819 1710 874 1738 per
890 1700 986 1731 laicos
1002 1711 1103 1739 nuper
1118 1710 1339 1732 concessarum
1355 1700 1387 1730 111
1404 1699 1561 1731 comitatu
1577 1699 1696 1737 Essex',
1714 1703 1825 1737 terras,

483 1753 678 1787 tenementa,
693 1750 779 1781 bona
795 1754 828 1781 et
845 1750 962 1781 catalla
978 1761 1036 1781 sua
1053 1754 1129 1781 ante
1148 1753 1286 1781 mortem
1306 1760 1398 1780 suam
1419 1749 1581 1787 alienauit,
1601 1748 1681 1779 dixit
1701 1752 1735 1780 et
1755 1759 1827 1787 cog-

483 1799 575 1830 nouit
596 1809 651 1837 per
671 1803 908 1831 sacramentum
929 1811 1023 1830 suum
1044 1800 1131 1839 quod
1152 1799 1314 1838 predictus
1335 1799 1486 1837 Thomas,
1508 1799 1591 1830 bone
1611 1802 1644 1829 et
1664 1808 1740 1829 sane
1760 1808 1826 1829 me-

482 1849 581 1879 morie
605 1849 752 1887 existens,
775 1850 873 1880 tere-io
898 1850 949 1880 die
970 1854 1045 1880 ante
1066 1853 1203 1881 mortem
1224 1860 1326 1887 suam,
1349 1849 1497 1880 videlicet
1519 1852 1608 1879 sexto
1630 1848 1754 1879 decimo
1774 1847 1825 1879 die

482 1898 564 1929 Maii
581 1909 665 1929 anno
682 1899 834 1937 predicto,
852 1899 1003 1937 cognouit
1018 1910 1051 1930 se
1067 1899 1213 1930 debuisse
1228 1899 1315 1930 dieto
1331 1899 1462 1929 domino
1478 1898 1557 1937 Regi
1573 1897 1825 1937 quadringentas

482 1948 578 1979 libras
592 1952 625 1979 et
639 1948 710 1986 plus
724 1949 763 1980 de
778 1949 901 1980 decima
915 1953 947 1980 et
962 1949 1202 1987 quintadecima
1217 1948 1377 1987 predictis,
1393 1952 1425 1980 et
1440 1951 1570 1987 propter
1584 1948 1643 1978 hoe
1658 1950 1691 1978 et
1704 1958 1742 1978 ex
1756 1947 1825 1978 aliis

527 2031 536 2046 ⁹
555 2031 581 2056 It
598 2039 652 2056 was
670 2039 686 2056 a
702 2031 759 2056 rule
772 2031 827 2057 laid
841 2031 920 2057 down
936 2031 963 2057 in
986 2032 1051 2057 1362
1066 2031 1129 2057 that

483 2067 524 2093 for
539 2071 654 2093 matters
670 2068 799 2100 touching
815 2068 861 2094 the
876 2069 941 2101 king
956 2069 1016 2094 bills
1031 2069 1128 2095 should

483 2105 516 2131 be
530 2105 647 2137 brought
662 2108 691 2131 to
705 2105 761 2131 him
775 2106 817 2132 for
830 2106 1029 2132 endorsement.
1070 2107 1128 2132 Rot.

482 2143 555 2168 Parl.
569 2143 595 2173 ii,
609 2144 668 2168 272.

527 2182 533 2196 ¹
554 2181 765 2212 Parhtamentary
789 2181 842 2206 and
868 2181 978 2207 Cozmcz'l
1003 2182 1125 2207 Proceed-

482 2219 541 2249 ivzys
557 2218 732 2250 (Chaucery),
748 2219 791 2244 file
805 2220 846 2249 46,
861 2227 905 2244 110.
920 2220 961 2244 20.

527 2256 535 2271 ²
554 2255 589 2280 Of
603 2255 649 2281 the
663 2255 769 2288 leading
781 2256 951 2288 participant
964 2256 991 2282 in
1003 2256 1057 2282 this
1069 2265 1129 2282 case

482 2292 533 2317 less
554 2292 576 2317 is
598 2293 696 2318 known
718 2293 785 2319 than
807 2294 835 2319 of
856 2303 910 2326 any
932 2294 1010 2319 other
1031 2302 1128 2326 person

482 2329 618 2355 involved.
661 2331 704 2356 He
727 2339 782 2356 was
805 2331 944 2363 evidently
967 2331 995 2357 of
1021 2340 1037 2357 a
1060 2331 1128 2357 local

481 2367 577 2399 family
600 2367 628 2392 of
651 2371 746 2399 repnte
770 2368 796 2393 in
820 2368 904 2394 Essex
927 2369 1068 2395 identified
1091 2369 1128 2401 by

482 2412 562 2430 name
576 2404 642 2430 with
657 2405 755 2437 Pleshy
769 2405 816 2431 the
830 2409 888 2432 seat
902 2406 930 2432 of
945 2406 992 2432 the
1007 2406 1127 2432 Bohuns.

1180 2031 1287 2057 Gilbert
1299 2030 1321 2056 15
1333 2030 1459 2062 reported
1472 2033 1501 2056 to
1513 2030 1584 2055 have
1596 2029 1657 2055 held
1671 2032 1825 2055 tenements

1180 2069 1207 2094 in
1224 2069 1385 2100 Beaumont‚
1403 2068 1487 2093 Great
1502 2067 1607 2099 Oakley
1623 2067 1677 2093 and
1693 2067 1823 2099 Ramsay.

1181 2106 1237 2132 Cal.
1253 2106 1292 2131 CI.
1307 2106 1386 2137 Rolls,
1401 2106 1435 2131 25
1448 2105 1500 2130 Ed.
1515 2105 1567 2137 111,
1582 2106 1641 2130 346.

1225 2145 1233 2160 ³
1251 2143 1323 2169 John
1355 2143 1383 2169 of
1413 2143 1563 2174 Thoresby‚
1596 2142 1692 2174 bishop
1724 2141 1752 2167 of
1782 2141 1823 2167 St.

1181 2181 1304 2212 David’s,
1320 2180 1471 2206 chancellor
1487 2181 1613 2206 1349—56.

1224 2220 1233 2234 ⁴
1252 2218 1370 2244 William
1407 2218 1436 2243 of
1473 2217 1620 2249 Edington,
1660 2216 1758 2248 bishop
1795 2215 1824 2242 of

1180 2256 1356 2287 Winehester,
1372 2258 1506 2281 treasurer
1521 2255 1647 2281 1345-58.

1226 2295 1235 2310 ⁵
1253 2293 1321 2319 This
1340 2292 1400 2318 writ
1420 2301 1475 2318 was
1494 2292 1584 2318 issued
1606 2293 1637 2317 19
1658 2291 1724 2317 Dec.
1747 2291 1822 2316 1349.

1179 2330 1239 2356 The
1249 2339 1324 2356 same
1335 2330 1395 2356 writ
1407 2331 1514 2355 mutatis
1525 2329 1658 2354 mutandis
1668 2337 1723 2354 was
1734 2327 1824 2354 issued

1180 2368 1236 2394 also
1266 2371 1295 2394 to
1324 2368 1396 2394 John
1426 2368 1543 2398 Fermer,
1572 2367 1661 2398 Roget
1686 2365 1720 2391 de
1750 2365 1822 2397 Pole,

1180 2405 1343 2438 Humphsey
1370 2405 1404 2431 de
1432 2404 1553 2436 Walden,
1582 2403 1655 2430 John
1677 2403 1711 2429 de
1734 2403 1823 2435 Depe-
