2112 2901
718 450 1080 496 APPENDIX
1114 452 1132 496 1

43 573 148 616 [1482]
642 582 687 610 IN
711 583 765 610 RE
790 582 960 611 HEYRON
985 591 1006 611 υ.
1028 582 1210 611 PROUTE1

44 664 89 685 Pro
99 664 234 685 Mercatori-
302 653 365 681 Rex
378 652 519 681 universis
534 656 563 681 et
578 652 698 688 singulis
713 655 876 688 presentem
892 652 1028 688 paginam
1043 652 1146 681 visuris
1161 652 1277 681 lecturis
1293 656 1345 682 aut
1360 653 1504 682 audituris
1519 654 1600 683 salu-

44 697 87 718 b¹¹⁸
97 696 192 735 Stapule
253 701 322 733 tem,
341 701 371 726 et
388 698 475 726 fidem
492 697 644 726 indubiam
662 697 844 732 presentibus
861 697 1006 726 adhibere.
1045 697 1122 726 Cum
1139 698 1223 726 sicuti
1242 698 1437 727 informamur
1456 699 1598 728 Ricardus

42 729 133 753 entem
253 743 362 772 Heron’
372 743 462 772 laicus
472 743 613 771 naturalis
623 743 758 771 subditus
769 746 867 771 noster
877 742 927 778 qui
936 742 995 771 iam
1006 742 1105 771 multis
1115 743 1199 771 annis
1209 743 1385 772 Societatem
1396 744 1597 773 Mercatorum

252 789 373 825 Stapule
387 792 485 817 nostre
501 788 606 817 Calisie
621 792 702 817 extra
717 789 779 817 loca
795 791 893 817 nostre
907 788 1074 817 obediencie
1088 798 1138 817 seu
1154 788 1346 817 iurisdiccioni
1361 789 1493 818 subiecta
1508 790 1598 818 maxi-

253 834 307 863 mis
322 834 423 863 litibus
439 838 469 863 et
485 834 706 863 turbacionibus
722 844 781 863 non
797 834 891 862 solum
908 833 946 862 ad
962 843 1062 863 eorum
1079 843 1168 869 quam
1184 833 1310 862 maxima
1328 834 1480 870 dispendia
1496 844 1598 864 verum

252 880 344 909 eciam
362 880 392 908 in
411 883 508 909 nostre
526 880 602 916 regie
621 879 776 916 potestatis
797 883 928 915 spretum
952 882 982 908 et
1006 879 1214 908 contumeliam
1232 879 1360 914 vexauit,
1380 880 1459 908 nulla
1484 880 1599 910 racione

252 926 351 955 induci
370 926 478 962 poterit
497 929 531 954 vt
550 926 588 954 ab
607 925 773 954 huiusmodi
792 925 901 954 forenci
919 925 1133 960 inquietacione
1153 925 1307 954 Societatis
1326 925 1456 961 predicte
1476 925 1599 955 desistat

252 975 305 1001 aut
322 972 533 1007 querimoniam
549 981 633 1000 suam
649 971 679 999 in
696 971 794 1006 aliqua
811 971 956 1000 curiarum
973 974 1138 1000 nostrarum
1155 971 1295 999 aduersus
1311 971 1405 1006 ipsam
1422 971 1598 1001 Societatem

253 1027 303 1047 seu
324 1018 513 1054 particulares
533 1027 670 1053 personas
691 1017 820 1046 eiusdem
840 1017 978 1046 instituat
998 1020 1028 1045 et
1049 1020 1251 1052 prosequatur,
1274 1020 1361 1052 prout
1382 1020 1498 1046 attento
1520 1018 1599 1053 quod

253 1073 340 1092 causa
352 1073 405 1092 sua
418 1073 507 1099 quam
520 1063 666 1099 pretendit
679 1066 723 1092 est
736 1072 813 1091 mere
826 1062 998 1092 mercatoria
1010 1066 1040 1091 et
1058 1062 1209 1098 prophana
1222 1066 1312 1097 atque
1325 1063 1403 1091 intra
1416 1063 1488 1091 fines
1501 1066 1599 1092 nostre

253 1109 461 1138 iurisdieeiouis
472 1109 548 1137 inter
558 1109 633 1138 solos
644 1108 790 1138 subiectos
801 1112 915 1137 nostros
926 1108 1066 1144 originem
1077 1118 1194 1137 sumens
1206 1108 1300 1136 facere
1311 1107 1430 1137 deberet
1442 1112 1471 1137 et
1483 1112 1600 1137 tenetur

254 1159 299 1184 set
315 1159 381 1191 post
398 1164 498 1184 omnes
515 1158 543 1183 et
561 1155 688 1190 singulas
705 1154 885 1183 remissiones
903 1163 988 1183 cause
1005 1154 1133 1182 eiusdem
1150 1157 1212 1182 tam
1229 1163 1263 1182 ex
1280 1154 1303 1181 F
1304 1154 1415 1182 landrie
1431 1158 1461 1182 et
1478 1154 1501 1182 F
1503 1155 1599 1183 rancie

254 1210 343 1236 quam
360 1211 395 1229 ex
411 1200 500 1229 Curia
517 1201 651 1229 Romana
667 1200 705 1229 ad
722 1203 821 1229 nostra
838 1199 1004 1235 tribunalia,
1022 1199 1084 1235 ipse
1100 1199 1130 1228 in
1146 1199 1257 1228 duricia
1273 1199 1363 1228 animi
1379 1199 1425 1228 sui
1442 1200 1599 1235 persistens

253 1247 312 1276 iam
327 1246 439 1275 dudum
455 1256 471 1275 a
487 1246 615 1282 quodam
630 1247 707 1274 Actu
723 1245 911 1274 Parliamenti
926 1245 1019 1274 nostri
1033 1254 1067 1274 ac
1082 1255 1099 1274 a
1116 1245 1200 1274 certis
1216 1245 1427 1274 monicionibus
1443 1248 1473 1274 et
1488 1246 1601 1274 iniunc-

254 1292 383 1322 tionibus
400 1302 450 1328 per
467 1292 665 1321 honorabilem
683 1295 712 1320 et
730 1292 972 1327 circumspectum
989 1291 1085 1320 virum
1102 1291 1266 1320 Johannem
1283 1291 1448 1319 Shirewode
1465 1294 1598 1320 nostrum

254 1339 284 1367 in
297 1339 360 1374 ipsa
374 1339 508 1367 Romana
522 1338 611 1367 Curia
625 1341 841 1373 procuratorem
855 1337 948 1366 eidem
965 1337 1090 1366 Ricardo
1107 1337 1142 1366 de
1159 1337 1299 1365 mandato
1316 1346 1349 1365 ac
1366 1337 1482 1365 nomine
1496 1340 1598 1366 nostro

254 1384 340 1413 factis
361 1388 395 1413 vt
416 1384 454 1412 ab
479 1384 645 1412 huiusmodi
665 1383 773 1412 forensi
794 1383 999 1412 molestacione
1025 1386 1220 1411 mercatorum
1248 1382 1331 1411 iuxta
1351 1382 1481 1411 eiusdem
1507 1383 1600 1412 Actus

255 1430 487 1459 Parliamentalis
498 1430 711 1458 continenciam
723 1433 847 1458 cessaret
858 1438 892 1458 ac
903 1438 1021 1457 causam
1031 1438 1115 1457 suam
1126 1429 1155 1457 in
1166 1429 1264 1464 aliqua
1276 1428 1421 1457 curiarum
1433 1432 1600 1457 nostrarum

255 1479 289 1505 vt
300 1476 412 1505 dictum
423 1479 466 1504 est
478 1475 644 1504 institueret
656 1479 684 1504 et
697 1478 919 1511 prosequeretur
929 1474 967 1503 ad
978 1474 1082 1503 Sedem
1092 1474 1291 1510 Apostolicam
1302 1474 1338 1502 de
1350 1483 1427 1502 nouo
1438 1474 1602 1509 appellauit

255 1532 316 1551 rem
328 1531 397 1550 sane
410 1531 517 1550 nouam
530 1524 560 1550 et
573 1521 715 1557 prioribus
727 1521 830 1549 seculis
842 1521 967 1549 inuisam
984 1529 1134 1556 aggressus
1147 1530 1213 1549 cum
1227 1529 1372 1555 nusquam
1387 1523 1456 1548 ante
1471 1529 1602 1555 comper·

256 1571 320 1597 tum
338 1564 377 1596 sit
395 1577 412 1596 a
431 1567 541 1603 legibus
560 1570 589 1595 et
609 1567 733 1602 politicis
751 1566 894 1595 institutis
913 1575 1067 1602 regnorum
1084 1565 1245 1602 superiores
1263 1565 1293 1594 in
1312 1565 1522 1600 temporalibus
1541 1575 1601 1594 non

255 1613 525 1650 recognoscencium
539 1613 627 1641 fuisse
642 1613 740 1641 taliter
754 1613 943 1648 appellatum.
978 1612 1040 1640 Nos
1054 1612 1143 1647 igitur
1158 1611 1307 1647 cupientes
1321 1611 1457 1639 omnibus
1472 1611 1522 1646 qui
1538 1620 1602 1646 pre-

255 1660 317 1689 fato
337 1659 462 1688 Ricardo
481 1659 519 1688 ad
538 1662 653 1687 tantam
673 1658 765 1687 nostri
783 1662 813 1686 et
832 1661 997 1686 nostrorum
1015 1657 1151 1686 iniuriam
1170 1660 1200 1686 et
1218 1657 1361 1685 iacturam
1380 1657 1496 1692 patulas
1515 1666 1600 1685 aures

256 1706 377 1742 prebent
388 1705 424 1734 de
435 1705 549 1733 racione
559 1705 725 1733 satisfacere
736 1707 827 1739 vtque
838 1704 895 1732 toti
905 1703 1015 1733 mundo
1027 1703 1217 1732 clarissimum
1228 1712 1288 1731 esse
1300 1702 1391 1738 possit
1403 1712 1461 1731 non
1473 1712 1533 1731 esse
1545 1705 1601 1731 aut

257 1752 344 1780 fuisse
356 1761 474 1780 causam
485 1751 575 1779 vllam
591 1750 797 1779 racionabilem
810 1759 899 1785 quare
915 1749 976 1785 ipse
988 1749 1130 1778 Ricardus
1147 1749 1256 1778 Heron’
1269 1748 1337 1777 alibi
1356 1758 1444 1783 quam
1456 1748 1486 1776 in
1498 1748 1603 1783 Anglia

256 1807 374 1827 causam
393 1806 482 1832 quam
500 1796 590 1825 habet
608 1796 748 1825 aduersus
767 1795 943 1824 Societatem
962 1795 1082 1831 Stapule
1100 1798 1198 1823 nostre
1216 1794 1344 1830 predicte
1364 1794 1530 1822 institueret
1549 1797 1602 1822 aut

256 1846 478 1880 prosequeretur
500 1842 704 1871 mandauimus
727 1841 940 1870 venerabilibus
963 1841 1095 1877 patribus
1117 1850 1151 1869 ac
1173 1840 1237 1869 aliis
1259 1839 1405 1869 nobilibus
1427 1843 1457 1868 et
1481 1839 1603 1868 circum-

255 1889 362 1925 spectis
375 1889 444 1917 viris
458 1888 592 1917 Dominis
606 1887 715 1923 consilij
732 1887 823 1916 nostri
837 1890 871 1916 vt
884 1887 983 1916 omnia
996 1890 1026 1916 et
1040 1887 1152 1922 singula
1167 1896 1223 1922 que
1237 1895 1288 1922 per
1301 1886 1425 1914 eundem
1441 1884 1601 1914 Ricardum

256 1935 335 1971 apud
351 1935 455 1964 Sedem
471 1934 633 1970 predictam
649 1943 683 1962 ea
698 1933 863 1962 intencione
879 1936 913 1962 vt
928 1933 1049 1962 liberam
1066 1932 1300 1969 prosecucionem
1316 1931 1402 1960 huius
1419 1940 1504 1960 cause
1520 1934 1604 1959 extra.

255 1980 391 2016 Angliam
405 1980 512 2009 habere
527 1982 624 2015 posset
638 1982 774 2015 suggesta
788 1982 858 2008 sunt
872 1979 1029 2007 summarie
1043 1981 1208 2014 repetentes
1223 1977 1294 2007 talia
1308 1987 1395 2013 super
1410 1977 1518 2005 eisdem
1534 1986 1602 2005 con-

255 2036 327 2062 grua
339 2036 407 2054 vera
418 2029 507 2061 atque
518 2025 620 2061 legalia
631 2034 768 2061 responsa
779 2028 916 2060 aptarent
927 2034 961 2053 ex
972 2024 1078 2060 quibus
1088 2024 1183 2053 omnis
1194 2023 1314 2052 aduerse
1325 2022 1469 2058 opinionis
1480 2031 1600 2057 scrupu-

256 2073 301 2101 lus
318 2072 354 2100 de
372 2071 467 2100 medio
481 2071 624 2099 bonarum
642 2070 787 2099 mencium
805 2070 954 2099 tolleretur
967 2073 997 2098 et
1015 2079 1068 2104 nos
1081 2079 1132 2106 pro
1147 2069 1280 2098 verit-atis
1294 2072 1323 2097 et
1342 2068 1455 2096 iusticie
1473 2068 1600 2096 zelatore

257 2117 453 2147 commendari
467 2116 590 2145 vbilibet
603 2116 774 2145 deberemus
787 2125 874 2151 super
887 2125 945 2151 quo
960 2115 1015 2152 ipsi
1029 2115 1149 2144 Domini
1163 2114 1282 2150 Consilij
1300 2113 1391 2143 nostri
1406 2116 1520 2142 mature
1535 2122 1600 2148 pro-

257 2163 392 2193 cedentes
409 2162 520 2191 rimatis
537 2171 588 2198 per
603 2171 652 2190 eos
669 2171 702 2190 ac
719 2161 871 2197 diligenter
887 2161 1070 2197 inuestigatis
1086 2160 1207 2189 statutis
1223 2159 1458 2189 ordinacionibus
1475 2167 1601 2187 conuen-

257 2209 388 2238 cionibus
409 2208 584 2237 tractatibus
604 2211 634 2236 et
654 2207 932 2243 appunctuamentis
952 2210 1014 2235 tam
1036 2206 1214 2235 creacionem
1235 2209 1264 2234 et
1285 2205 1459 2234 erectionem
1480 2204 1602 2240 Stapule

256 2258 354 2284 nostre
379 2254 507 2290 predicte
532 2263 621 2289 quam
645 2253 941 2282 communicacionem
960 2256 990 2281 et
1008 2252 1202 2281 intercursum
1220 2251 1250 2280 in
1274 2251 1352 2280 facto
1372 2249 1602 2279 mercanciarum

303 2324 312 2339 ¹
331 2322 390 2348 The
405 2321 562 2348 conclusion
575 2320 604 2346 of
615 2321 664 2347 the
676 2321 814 2352 litigation
832 2320 923 2352 begun
939 2320 967 2346 in
983 2320 1092 2352 Heyron
1104 2327 1131 2345 v,
1146 2320 1240 2345 Proute
1257 2319 1311 2344 and
1329 2317 1429 2347 Others,
1443 2325 1536 2350 supra,
1551 2326 1598 2350 pp.

258 2365 387 2395 110-114,
401 2372 432 2390 as
444 2362 588 2396 explained
601 2363 629 2388 in
648 2362 850 2393 Introduction,
864 2371 891 2395 p.
905 2369 964 2388 cxv.
1003 2361 1062 2388 The
1074 2361 1170 2387 record
1187 2361 1209 2387 is
1227 2360 1312 2387 taken
1326 2359 1397 2386 from
1419 2359 1513 2391 Treaty
1529 2358 1597 2390 Rou,

257 2406 289 2432 21
303 2405 381 2432 Edw.
396 2405 444 2436 IV,
457 2413 502 2431 no.
519 2405 576 2435 165,
591 2413 656 2431 mm.
672 2404 730 2430 1-3.

911 2453 950 2473 121
