2112 2901
489 169 511 206 7
777 180 898 206 CASES
922 179 1081 205 BEFORE
1104 179 1184 205 THE
1207 178 1345 205 KING⁷s
1369 179 1545 206 COUNCIL

490 257 638 288 sitionem
654 261 854 294 compertum
869 256 931 287 fuit
946 256 1032 295 quod
1048 256 1154 287 nullus
1168 259 1283 294 captus
1297 256 1360 287 fuit
1374 256 1457 287 infra
1471 256 1654 288 libertatem
1668 267 1760 288 suam
1778 259 1829 288 set

491 307 623 345 quidam
645 307 718 337 talis
739 306 880 337 Thomas
901 310 1016 344 captus
1036 306 1098 337 fuit
1119 306 1150 336 in
1172 306 1284 337 eodem
1306 306 1375 337 loco
1398 306 1481 337 infra
1503 306 1686 338 libertatem
1706 306 1828 338 domini

491 356 639 387 Willelmi
662 356 701 387 de
722 356 881 387 Valencia.
915 356 958 386 Et
978 355 1029 386 die
1049 356 1179 386 Veneris
1200 355 1343 393 proxima
1363 359 1517 394 sequente
1536 356 1623 394 apud
1643 356 1826 387 Hertlebur’

492 406 653 444 predictus
674 406 851 444 Episcopus
869 405 1160 436 excommunicavit
1178 405 1373 436 Willelmum
1392 405 1495 436 Goule
1512 405 1675 437 Balliuum
1694 406 1829 444 predicti

491 456 623 486 Domini
645 456 793 486 Willelmi
813 459 846 486 et
866 455 1050 486 ministrum
1071 455 1203 486 Domini
1225 455 1320 494 Regis
1341 455 1396 494 qui
1416 455 1547 494 quidem
1567 455 1744 486 Willelmus
1764 465 1828 486 non

492 505 553 536 fuit
575 505 615 536 ad
638 505 822 543 capcionem
844 505 993 536 Latronis
1014 505 1158 543 predicti,
1181 508 1214 536 et
1235 505 1380 535 similiter
1400 505 1485 544 idem
1507 505 1685 543 Episcopus
1705 515 1830 536 excom-

492 555 670 586 municavit
684 555 879 586 Willchnum
893 555 921 586 le
932 555 1107 593 Messager,
1119 555 1282 586 Simonem
1293 555 1321 586 le
1333 555 1490 592 Caretter,
1504 554 1686 586 Galfridum
1697 555 1785 593 Pese,
1797 558 1831 586 et

491 605 650 635 Thomam
663 605 701 635 (lc
715 605 745 635 la
758 605 836 635 Hull
850 605 905 643 qui
917 604 1061 643 capcioni
1075 605 1157 636 illius
1171 605 1320 635 Latronis
1334 604 1559 643 interfuerunt,
1571 605 1647 643 quia
1657 604 1830 636 noluerunt

493 655 672 692 predictum
686 655 850 686 Prisonem
862 655 890 685 ei
902 655 1043 685 reddere.
1077 655 1121 685 Et
1133 654 1195 685 ista
1206 654 1369 685 sentencia
1381 654 1585 692 promulgata
1597 654 1659 685 fuit
1671 665 1690 685 a
1702 655 1830 693 proprio

492 715 544 735 ore
561 705 659 742 ipsius
675 705 836 743 Episcopi.
858 705 901 735 Et
918 705 968 735 die
984 704 1144 735 dominica
1160 704 1304 742 proxima
1320 706 1473 742 sequente
1489 704 1634 735 similiter
1648 714 1831 735 excommu-

492 754 597 785 nicare
625 754 700 785 fecit
728 754 887 792 predictos
910 754 1104 785 Willelmum
1127 758 1160 785 et
1181 753 1260 785 alios
1282 754 1447 785 occasione
1469 754 1613 792 predicta
1633 754 1665 784 in
1689 754 1831 785 Ecclesia

493 804 665 841 parochiali
681 804 735 834 vbi
750 804 935 842 parochiani
949 808 1025 835 sunt
1039 807 1071 835 ct
1084 804 1116 834 in
1131 804 1200 835 aliis
1216 807 1357 842 quatuor
1372 803 1520 835 Ecclesiis
1536 803 1832 835 circumadiacenti-

492 854 561 884 bus.
592 854 634 885 Et
650 854 745 884 istam
757 854 954 885 sentenciam
969 854 1044 885 fecit
1056 864 1111 892 per
1122 853 1259 885 decanos
1269 857 1302 884 et
1314 853 1505 891 Capellanos
1516 864 1599 884 suos.
1625 854 1668 885 Et
1679 853 1711 884 in
1722 853 1832 892 vigilia

492 904 732 942 Assumpcionis
756 904 849 935 beate
873 904 978 935 Marie
1002 903 1144 941 proxime
1167 907 1320 941 sequente
1344 903 1506 941 predictus
1528 903 1705 934 Willelmus
1728 903 1831 934 Goule

492 953 627 984 tradidit
642 953 744 984 eidem
760 953 920 991 Episcopo
935 953 1186 991 prohibicionem
1202 953 1323 984 domini
1338 953 1434 991 Regis
1445 963 1502 990 pro
1514 963 1579 991 qua
1589 952 1720 991 quidem
1734 953 1831 983 nichil

493 1003 566 1034 inde
577 1003 680 1034 facere
692 1003 827 1034 curauit.
850 1004 893 1034 Et
907 1003 957 1034 die
971 1003 1095 1034 veneris
1109 1003 1253 1041 proxima
1267 1006 1340 1041 post
1355 1003 1473 1033 festum
1487 1002 1632 1033 omnium
1646 1006 1832 1034 sanctorum

493 1053 636 1091 proximo
652 1057 805 1091 sequente
822 1053 984 1091 predictus
1000 1052 1178 1091 Episcopus
1194 1052 1368 1083 advocauit
1384 1056 1417 1083 et
1433 1052 1584 1090 probauit
1600 1062 1656 1090 per
1671 1063 1744 1083 suos
1761 1062 1833 1091 pro-

493 1106 656 1134 curatores
672 1102 757 1141 quod
774 1103 834 1141 ipsi
850 1102 1209 1133 excommunicaverunt
1225 1101 1405 1141 predictum
1421 1102 1616 1133 Willelmum
1632 1106 1664 1134 et
1680 1102 1759 1133 alios
1775 1112 1832 1140 pro

493 1153 644 1190 capcione
670 1152 805 1190 predicti
829 1152 963 1183 latronis
988 1163 1095 1183 coram
1122 1152 1256 1183 Officiali
1282 1152 1378 1183 Curie
1403 1152 1646 1183 Cantuariensis
1668 1151 1709 1182 ad
1735 1163 1832 1190 quem

493 1202 655 1241 predictus
666 1202 843 1233 Willelmus
855 1202 958 1233 Goule
969 1201 1146 1240 appellauit
1158 1212 1214 1240 pro
1226 1201 1336 1240 iniqua
1347 1201 1511 1233 sentencia
1522 1201 1657 1240 predicti
1669 1201 1831 1240 Episcopi.

493 1253 536 1284 Et
564 1253 595 1283 in
625 1263 773 1291 processu
802 1253 907 1283 Cause
935 1252 1077 1290 predicte
1104 1251 1331 1290 appellacionis
1359 1251 1522 1289 predictus
1550 1251 1728 1290 Episcopus
1755 1251 1832 1283 tulit

494 1303 627 1341 Regiam
651 1302 907 1333 Prohibicionem
930 1301 1073 1340 predicto
1097 1301 1232 1332 Officiali
1254 1312 1293 1333 ne
1316 1301 1348 1331 in
1372 1301 1479 1332 Causa
1502 1301 1738 1339 Appellacionis
1761 1312 1834 1339 pro-

493 1352 619 1384 cederet
635 1355 671 1383 vt
687 1352 978 1383 excommunicacio
993 1362 1051 1382 sua
1066 1351 1168 1389 magis
1185 1351 1307 1390 ligaret,
1327 1355 1475 1389 pretextu
1494 1351 1583 1382 cuius
1606 1351 1833 1389 prohibicionis

494 1402 656 1441 predictus
677 1402 827 1433 Officialis
843 1401 1021 1440 supersedit
1042 1412 1210 1440 quousque
1228 1401 1370 1439 optinuit
1392 1401 1663 1432 consultacionem
1679 1400 1718 1432 de
1734 1401 1833 1432 Curia

494 1451 600 1490 Regis.
625 1452 666 1482 Et
683 1455 760 1482 tunc
775 1451 972 1482 sentenciam
984 1451 1119 1489 predicti
1130 1451 1281 1489 Episcopi
1292 1450 1503 1481 adnichilauit
1514 1454 1546 1481 et
1558 1450 1656 1482 istum
1668 1454 1834 1489 contemp-

493 1506 564 1533 tum
580 1502 656 1533 fecit
672 1501 834 1539 predictus
851 1501 1029 1539 Episcopus
1045 1501 1175 1532 domino
1195 1501 1274 1539 Regi
1292 1500 1487 1531 attrahendo
1503 1500 1563 1531 sibi
1579 1500 1833 1532 iurisdiccionem

493 1552 630 1590 regalem
646 1551 685 1582 de
701 1551 851 1589 capcione
862 1555 895 1582 et
910 1551 1141 1582 deliberacione
1153 1551 1341 1587 Latronum,
1354 1550 1410 1581 vbi
1424 1553 1619 1581 monstrasse
1635 1550 1748 1581 debuit
1764 1561 1834 1588 pre-

493 1602 616 1633 dictum
637 1602 760 1632 factum
780 1601 922 1632 Domino
937 1601 1026 1639 Regi,
1045 1604 1157 1631 contra
1177 1603 1416 1631 sacramentum
1440 1603 1473 1631 et
1492 1600 1660 1638 ligenciam
1684 1610 1777 1631 suam
1800 1600 1832 1630 in

494 1652 644 1683 lesionem
664 1651 762 1689 Regie
781 1651 948 1689 dignitatis
967 1651 1077 1682 decem
1095 1651 1180 1681 mille
1196 1661 1377 1681 marcarum
1393 1653 1426 1681 et
1442 1650 1483 1681 ad
1502 1650 1680 1688 dampnum
1699 1650 1834 1688 predicti

494 1701 643 1732 Willelmi
668 1701 706 1732 de
732 1700 884 1732 Valencia
903 1701 1040 1732 duarum
1064 1700 1150 1731 mille
1174 1711 1355 1731 marcarum
1380 1704 1413 1731 et
1437 1699 1478 1730 ad
1504 1700 1682 1738 dampnum
1698 1699 1835 1738 predicti

494 1751 643 1782 Willelmi
667 1751 770 1781 Goule
795 1754 925 1781 centum
949 1750 1103 1781 librarum
1126 1753 1159 1781 et
1182 1750 1242 1780 hoc
1267 1753 1315 1780 est
1339 1753 1472 1788 paratus
1496 1749 1659 1780 verificare
1683 1760 1740 1787 pro
1764 1749 1834 1787 ipso

494 1801 624 1831 domino
642 1801 728 1838 Rege
745 1800 800 1831 &o
818 1800 861 1830 Et
878 1800 1056 1838 Episcopus
1072 1800 1161 1831 venit
1177 1803 1209 1831 et
1226 1799 1304 1830 dicit
1320 1799 1406 1838 quod
1423 1809 1486 1830 non
1503 1799 1575 1830 vult
1591 1799 1744 1837 placitare
1761 1809 1834 1830 cum

531 1889 549 1904 ¹⁴³
567 1888 641 1913 That
669 1887 698 1919 is,
728 1890 792 1913 next
821 1887 884 1919 day,
913 1887 980 1913 29th
1007 1886 1080 1918 Jutv,
1109 1890 1139 1912 at

495 1925 663 1957 Hartlebury
683 1924 784 1955 Castle,
805 1924 892 1949 which
911 1933 967 1950 was
986 1924 1139 1956 completed

495 1963 532 1995 by
557 1962 659 1994 Bishop
685 1962 792 1987 Giffard
816 1961 844 1987 in
872 1962 946 1993 1268,
972 1961 1019 1987 the
1044 1970 1140 1987 manor

495 2000 596 2032 having
611 2000 679 2025 been
695 1999 756 2025 held
772 1999 810 2031 by
825 1999 872 2024 the
886 1998 998 2031 bishops
1017 1999 1045 2024 of
1064 1999 1140 2025 Wor-

495 2040 581 2063 cester
599 2037 671 2063 since
690 2037 737 2062 the
756 2036 835 2062 ninth
855 2039 978 2068 century.
1016 2036 1101 2069 Nash,
1122 2036 1138 2068 i,

530 2114 550 2128 ²⁰
570 2113 601 2137 14
624 2112 739 2143 August,
766 2112 840 2143 1293,
866 2110 913 2137 the
937 2111 1018 2137 Feast
1041 2110 1070 2137 of
1093 2111 1140 2137 the

495 2149 673 2181 Assumption
687 2148 767 2180 being
782 2150 813 2174 15
827 2149 943 2180 August.

530 2188 548 2203 ²¹
567 2187 626 2212 The
648 2187 729 2212 Feast
750 2186 778 2212 of
799 2185 841 2211 All
863 2185 962 2217 Saints,
988 2186 1061 2217 1293,
1085 2194 1140 2212 was

494 2224 615 2256 Sunday,
639 2226 650 2249 1
673 2223 841 2255 November;
870 2232 900 2248 so
919 2223 981 2248 that
1001 2223 1056 2249 this
1074 2223 1140 2249 inci-

495 2261 561 2288 dent
574 2261 641 2287 took
654 2261 730 2293 place
743 2270 779 2286 on
792 2262 808 2286 4
822 2260 987 2286 November.

530 2300 550 2315 ²²
570 2298 775 2330 “Prohibiffion,
802 2297 961 2329 ProhibitiQ
986 2298 1007 2323 is
1030 2306 1046 2323 a
1069 2297 1139 2323 Writ

496 2339 525 2362 to
544 2336 633 2362 forbid
657 2344 712 2368 any
737 2335 832 2367 court,
856 2335 942 2361 either
960 2335 1090 2367 Spiritual
1109 2344 1140 2360 or

495 2373 612 2405 Secular,
636 2376 666 2399 to
687 2373 802 2405 procced
824 2373 852 2397 in
874 2381 929 2404 any
951 2372 1041 2398 Cause
1063 2372 1139 2398 there

495 2411 657 2443 depending,
693 2419 767 2442 upon
802 2409 959 2441 suggestion
994 2409 1056 2435 that
1092 2409 1139 2436 the

1190 1886 1359 1918 Cognisance
1380 1886 1486 1912 thereos
1505 1886 1651 1918 belongeth
1670 1889 1719 1912 not
1738 1889 1768 1912 to
1787 1886 1835 1913 the

1190 1932 1265 1949 same
1276 1924 1372 1950 Court.
1401 1923 1579 1956 Fitzherbert,
1599 1924 1663 1949 Nat.
1675 1924 1749 1949 Brev.
1760 1924 1778 1950 f.
1791 1925 1834 1951 39.

1192 1961 1248 1987 But
1266 1961 1288 1987 is
1310 1970 1371 1987 now
1388 1964 1461 1987 most
1479 1961 1587 1993 usually
1604 1961 1688 1987 taken
1709 1961 1751 1986 sor
1772 1961 1835 1988 that

1191 1998 1262 2024 Writ
1274 1998 1362 2024 which
1375 1998 1441 2024 lieth
1453 1998 1495 2024 for
1507 2007 1559 2024 one
1571 1998 1634 2024 that
1646 1998 1669 2024 is
1681 1998 1836 2031 impleaded

1191 2036 1218 2061 in
1240 2036 1287 2062 the
1308 2036 1396 2062 Court
1417 2036 1557 2062 Christian
1579 2035 1621 2061 for
1641 2044 1658 2061 a
1679 2035 1769 2062 Cause
1789 2036 1836 2062 be-

1190 2073 1301 2105 longing
1318 2076 1347 2099 to
1366 2073 1413 2099 the
1429 2072 1576 2105 Tempora]
1594 2073 1780 2105 Jurisdiction,
1799 2082 1835 2099 on

1190 2111 1238 2136 the
1272 2111 1436 2137 Conuzance
1470 2111 1499 2136 of
1533 2110 1580 2136 the
1615 2110 1703 2142 king’s
1737 2110 1834 2143 Court,

1191 2148 1317 2180 whereby
1333 2157 1363 2174 as
1379 2148 1438 2174 well
1453 2148 1501 2174 the
1516 2151 1599 2180 party
1615 2148 1670 2174 and
1686 2148 1727 2173 his
1743 2148 1836 2174 Coun-

1191 2185 1232 2217 cil‚
1245 2194 1275 2211 as
1288 2186 1334 2211 the
1346 2186 1362 2211 J
1364 2186 1434 2217 udge
1446 2185 1561 2218 himself,
1575 2185 1629 2211 and
1641 2185 1689 2211 the
1701 2185 1834 2218 Register,

1190 2232 1236 2248 are
1256 2223 1399 2249 forbidden
1420 2226 1449 2249 to
1470 2223 1585 2255 proceed
1606 2231 1661 2255 any
1680 2223 1787 2249 further
1806 2223 1835 2248 in

1191 2260 1253 2286 that
1271 2260 1369 2286 Cause.
1406 2260 1455 2286 See
1474 2260 1572 2292 Broke,
1590 2259 1641 2286 loc.
1660 2260 1704 2286 tit.
1723 2260 1746 2286 &
1764 2260 1834 2286 Fitz.

1190 2298 1254 2323 Nat.
1270 2298 1344 2323 Brev.
1359 2298 1378 2324 f.
1392 2298 1454 2324 933¹
1492 2297 1516 2324 J.
1531 2297 1640 2329 Cowess,
1655 2297 1769 2329 Interpr.

1224 2336 1243 2351 ²³
1262 2335 1321 2361 The
1357 2334 1622 2361 excommunication
1659 2334 1835 2367 pronounced

1190 2372 1227 2405 by
1243 2372 1290 2398 the
1306 2372 1403 2404 bishop
1419 2372 1482 2404 and,
1499 2372 1527 2398 in
1542 2372 1584 2397 his
1599 2372 1722 2404 absence,
1740 2372 1778 2404 by
1793 2371 1836 2398 his

1191 2410 1275 2436 deans
1290 2410 1344 2435 and
1359 2409 1500 2442 chaplains
1514 2418 1569 2435 was
1584 2409 1646 2436 that
1661 2409 1750 2435 minor
1763 2409 1834 2435 form
