2112 2901
477 166 524 201 25
758 175 879 201 CASES
906 175 1065 200 BEFORE
1093 175 1172 199 THE
1201 174 1339 200 KING’S
1366 174 1543 200 COUNCIL

539 253 761 292 episcopatum
774 253 870 285 Ebor’
884 262 939 292 per
951 256 1087 284 mortem
1099 253 1182 284 bone
1194 251 1345 284 memorie
1358 253 1383 283 I.
1396 252 1635 292 Arehiepiscopi
1646 256 1820 284 vacantem

541 303 572 334 in
588 314 686 334 manu
701 314 759 335 sua
774 303 890 334 habuit
904 306 938 334 et
953 303 1095 340 tenebat,
1111 305 1328 341 protestamur
1343 302 1469 341 publice
1483 302 1515 333 in
1530 302 1579 334 his
1593 302 1720 341 scriptis
1735 303 1821 342 quod

540 363 596 392 per
616 353 841 384 admissionem
863 352 941 383 dicti
962 352 1140 383 Theobaldi
1161 352 1211 384 vel
1234 352 1452 391 procuratoris
1473 352 1522 383 sui
1543 351 1610 383 eius
1631 352 1760 384 nomine
1781 352 1821 383 ad

540 403 775 441 canonicatum,
796 402 992 441 prebendam
1012 406 1044 433 et
1063 402 1297 434 thesaurariam
1318 402 1488 441 predictos,
1509 402 1674 433 occasione
1692 405 1823 433 senten-

540 452 672 483 ciarium
702 452 735 482 in
764 452 924 483 dictorum
954 455 1159 483 executorum
1191 452 1390 490 processibus
1420 455 1646 483 contentarum
1677 461 1733 490 per
1765 461 1822 483 nos

541 502 721 532 faciendam
740 512 803 533 non
822 501 1029 539 intendimus,
1049 512 1105 532 nec
1125 502 1225 533 eciam
1244 502 1403 539 volumus,
1423 505 1583 540 quantum
1602 501 1634 532 in
1652 501 1744 532 nobis
1763 504 1821 540 est,

541 551 601 582 iuri
615 551 749 590 predicti
762 551 883 583 domini
898 551 993 590 Regis
1006 551 1038 581 in
1053 551 1233 590 collacione,
1249 551 1425 582 donacione
1438 551 1488 582 vel
1505 551 1744 589 presentacione
1758 551 1824 582 dic-

542 606 648 632 tarum
669 601 880 632 Thesaurarie
900 604 933 632 et
954 601 1118 633 Prebende
1139 601 1320 640 aliqualiter
1340 600 1537 639 competenti
1557 601 1589 631 in
1611 601 1718 639 aliquo
1734 600 1823 631 dero-

541 661 625 689 gare,
640 651 819 689 quinimmo
833 651 919 690 quod
937 661 1031 682 omne
1047 651 1096 682 ius
1112 661 1206 682 suum
1220 655 1381 690 quatenus
1394 650 1433 681 de
1446 651 1513 681 iure
1527 651 1577 681 vel
1592 650 1822 682 consuetudine

541 701 658 731 saluari
675 701 776 739 possit
792 701 843 732 vel
861 701 977 731 debeat
997 701 1029 731 in
1046 701 1106 732 hoc
1123 711 1198 732 casu
1215 701 1341 732 saluum
1358 700 1485 738 existat,
1504 700 1696 732 admissione
1712 703 1823 731 nostra

542 750 724 782 huiusmodi
740 761 804 782 non
818 751 979 782 obstante.
1017 751 1135 782 Actum
1152 761 1236 782 anno
1253 751 1293 782 ab
1309 750 1531 781 incarnacione
1547 750 1822 788 M.CC.XC.V11,

543 800 722 831 Indictione
739 801 918 839 undecima,
936 800 987 831 die
1003 801 1095 840 xviij⁰
1115 800 1232 832 mensis
1253 800 1456 838 Nouembris,
1479 800 1680 838 presentibus
1701 799 1823 837 Magis-

542 853 592 881 tro
613 851 750 888 Hugone
771 850 810 881 de
830 850 1068 889 Menigthorpe,
1091 851 1228 882 Rectore
1248 849 1376 882 ecclesie
1397 850 1436 881 de
1456 850 1614 887 Bulmere,
1637 849 1732 880 Ebor'
1756 849 1823 880 dio-

542 900 630 938 cesis,
644 900 812 938 Willehno,
827 901 963 931 Rectore
976 900 1104 931 ecclesie
1117 900 1156 931 de
1169 900 1355 938 Botilsford,
1370 899 1512 930 Lincoln'
1526 899 1669 937 diocesis,
1683 898 1823 930 Henrico

541 950 581 981 de
596 950 745 988 Baispole
761 953 794 981 et
810 950 954 981 Iohanne
971 950 1010 981 de
1026 950 1184 988 Iakeslay,
1202 949 1330 987 clericis,
1349 949 1487 981 testibus
1502 949 1626 980 vocatis
1642 952 1675 980 et
1691 948 1821 987 rogatis.

542 1000 587 1030 Et
602 1010 669 1037 ego,
688 1000 793 1030 Adam
810 1000 850 1031 de
867 999 1017 1037 Louther,
1037 999 1169 1030 Karliol'
1188 999 1330 1037 diocesis,
1348 998 1429 1030 sacri
1445 998 1569 1037 imperii
1587 998 1733 1037 publicus
1750 1008 1824 1029 auc-

543 1049 675 1080 toritate
690 1049 843 1087 notarius,
860 1060 896 1080 ac
911 1049 942 1079 in
958 1049 1097 1087 presenti
1112 1049 1257 1080 notarius
1271 1048 1461 1080 venerabilis
1475 1048 1620 1086 Capituli
1634 1048 1721 1079 beati
1736 1047 1824 1079 Petri

543 1099 639 1129 Ebor'
668 1098 903 1137 interpositioni
935 1099 1180 1137 protestacionis
1211 1099 1353 1137 predicte
1384 1108 1522 1129 unacum
1551 1098 1689 1129 testibus
1714 1108 1824 1136 supra-

543 1148 637 1179 dictis
659 1159 786 1187 presens
808 1149 938 1180 interfui
960 1152 993 1180 et
1013 1159 1084 1180 eam
1106 1149 1226 1187 scripsi,
1250 1148 1411 1187 publicani
1433 1159 1568 1187 meoque
1589 1147 1679 1186 signo
1699 1147 1824 1186 signaui

543 1198 701 1237 Rogatus.

536 1248 580 1279 Et
602 1258 667 1287 quo
690 1248 731 1279 ad
756 1248 815 1279 hoc
838 1248 925 1287 quod
951 1248 1096 1279 similiter
1120 1248 1152 1279 in
1178 1247 1324 1287 predicta
1348 1247 1506 1286 peticione
1528 1247 1711 1278 continetur
1736 1247 1824 1286 quod

480 1297 630 1329 dominus
651 1298 720 1329 Rex
739 1297 834 1329 sciuit
854 1298 978 1329 dictum
999 1297 1223 1329 Theobaldum
1244 1298 1283 1328 de
1303 1298 1404 1329 Barro
1424 1297 1574 1328 habuisse
1594 1296 1823 1336 possessionem

481 1347 567 1379 dicte
582 1347 793 1379 Thesaurarie
808 1351 841 1379 et
856 1348 942 1386 quod
958 1347 1032 1379 inde
1047 1348 1131 1379 fauit
1146 1348 1174 1379 ei
1189 1351 1249 1379 etc.
1267 1347 1470 1379 concedendo
1486 1347 1513 1378 ei
1529 1347 1653 1378 litteras
1668 1346 1708 1378 de
1723 1350 1825 1378 attor-

481 1400 562 1428 natu
578 1408 673 1436 super
687 1397 750 1435 illa,
765 1401 797 1429 et
814 1398 900 1436 quod
916 1397 1123 1429 manutenuit
1138 1397 1261 1428 dictum
1278 1397 1482 1428 Franciscum
1499 1397 1689 1435 Gaytanum
1705 1396 1737 1427 in
1754 1407 1826 1435 pos-

480 1447 619 1478 sessione
639 1447 713 1478 inde
732 1451 792 1478 etc.
815 1447 1018 1478 concedendo
1038 1447 1066 1478 ei
1086 1447 1264 1478 consimiles
1278 1447 1402 1478 litteras
1416 1447 1455 1477 de
1469 1450 1638 1478 attornatu
1652 1449 1724 1484 etc.,
1746 1446 1825 1478 dicit

481 1496 566 1527 idem
583 1496 743 1528 Walterus
760 1497 846 1535 quod
865 1497 975 1528 eedem
990 1497 1098 1529 littere
1114 1507 1179 1528 non
1196 1497 1351 1535 derogant
1366 1497 1426 1527 iuri
1444 1496 1540 1535 Regis
1557 1496 1665 1535 quoad
1681 1495 1826 1528 collacio-

481 1556 555 1577 nem
579 1550 650 1584 etc.,
673 1557 745 1577 cum
766 1547 898 1578 titulum
919 1547 1058 1586 aliquem
1082 1546 1287 1585 possessionis
1310 1556 1374 1578 non
1395 1546 1541 1577 tribuant
1564 1546 1614 1577 vel
1635 1546 1826 1577 confirment

483 1596 713 1635 possessionem
729 1600 802 1635 etc.,
819 1607 876 1628 nec
896 1596 998 1628 statui
1017 1596 1117 1635 ipsius
1132 1596 1266 1628 Walteri
1287 1600 1359 1635 etc.,
1377 1607 1449 1627 cum
1470 1596 1537 1634 ipse
1557 1596 1681 1626 nullum
1701 1599 1824 1627 statum

482 1646 600 1677 clamet
617 1646 691 1677 inde
710 1646 770 1677 nisi
788 1657 826 1677 ex
844 1647 1015 1678 collacione
1029 1646 1125 1685 Regis
1139 1657 1196 1685 pro
1210 1650 1354 1685 tempore
1368 1656 1432 1685 quo
1451 1645 1581 1677 collacio
1595 1646 1635 1677 de
1652 1645 1720 1677 iure
1737 1656 1826 1684 spec-

483 1695 568 1727 tauit
582 1696 622 1727 ad
638 1696 768 1735 Regem,
784 1696 867 1728 sicut
880 1696 1025 1735 superius
1039 1696 1229 1734 declaratur,
1245 1700 1278 1727 et
1291 1696 1374 1735 petit
1388 1695 1508 1727 consuli
1523 1705 1580 1734 pro
1594 1694 1724 1727 domino
1738 1696 1826 1734 Rege

482 1749 516 1778 et
530 1745 599 1785 ipso
614 1746 756 1777 Waltero
770 1746 803 1776 in
818 1746 877 1777 hac
893 1750 985 1785 parte
999 1749 1032 1777 et
1046 1746 1120 1777 inde
1135 1746 1202 1777 fieri
1216 1746 1392 1777 secundum
1407 1749 1550 1777 tenorem
1565 1745 1712 1776 mandati
1726 1745 1826 1784 ipsius

483 1795 580 1834 Regis
596 1795 670 1826 inde
686 1796 831 1834 superius
847 1795 1006 1827 annotati.

539 1845 583 1876 Et
606 1845 682 1876 visis
705 1845 877 1876 euidenciis
900 1845 1060 1884 predictis,
1085 1845 1270 1884 auditisque
1293 1845 1473 1876 racionibus
1497 1844 1613 1883 prefati
1636 1844 1769 1876 Walteri
1792 1844 1825 1875 in

484 1894 644 1933 premissis
662 1905 719 1933 pro
736 1895 804 1926 iure
822 1895 918 1933 Regis
935 1899 968 1926 et
985 1898 1075 1926 statu
1092 1905 1150 1926 suo
1168 1894 1340 1934 propositis
1357 1898 1429 1932 etc.,
1446 1894 1565 1926 habitis
1583 1894 1657 1926 inde
1672 1894 1826 1926 delibera-

484 1943 574 1976 cione
594 1947 627 1975 et
647 1948 791 1976 tractatu
812 1945 1027 1984 diligentibus,
1049 1945 1125 1983 quia
1145 1948 1273 1976 constat
1294 1944 1460 1976 dominum
1482 1945 1601 1983 Regem
1620 1944 1660 1975 de
1679 1944 1747 1976 iure
1767 1954 1825 1974 suo

484 2003 600 2025 corone
615 1997 676 2026 etc.
695 1994 837 2026 conferre
853 1995 968 2026 debere
984 1994 1138 2026 beneficia
1153 1994 1307 2026 vacancia
1322 1998 1356 2025 et
1371 1994 1471 2026 eciam
1489 1998 1671 2033 presentare
1686 1995 1825 2024 vacante

485 2043 771 2082 Archiepiscopatu
786 2048 846 2076 etc.
862 2054 1000 2083 quorum
1014 2044 1145 2083 quidem
1159 2044 1385 2076 beneficiorum
1400 2043 1530 2075 collacio
1544 2044 1612 2075 sive
1627 2043 1826 2082 presentacio

484 2096 669 2132 spectarent
692 2094 733 2125 ad
758 2094 1041 2133 Archiepiscopum
1066 2094 1140 2126 sede
1164 2094 1259 2133 plena
1282 2098 1354 2131 etc.,
1380 2097 1413 2125 et
1437 2094 1524 2132 quod
1549 2094 1672 2125 nullum
1697 2096 1826 2132 tempus

484 2142 605 2174 labitur
619 2143 749 2175 domino
764 2144 844 2183 Regi
859 2148 919 2175 etc.
936 2144 968 2175 in
983 2144 1044 2175 hiis
1058 2154 1120 2183 que
1134 2144 1175 2175 ad
1190 2144 1239 2175 ius
1253 2154 1347 2175 suum
1362 2154 1477 2175 corone
1491 2147 1563 2182 etc.,
1579 2153 1636 2175 nec
1651 2143 1826 2175 deductum

485 2196 534 2224 est
555 2193 606 2224 vel
628 2196 792 2224 ostensum
814 2204 851 2225 ex
873 2197 964 2233 parte
986 2194 1064 2225 dicti
1086 2193 1245 2225 Francisci
1267 2193 1345 2232 quin
1367 2193 1455 2225 dicta
1476 2193 1675 2225 thesauraria
1695 2193 1827 2225 vacauit
