2112 2901
481 168 528 204 53
761 176 882 202 CASES
908 176 1068 201 BEFORE
1095 175 1175 200 THE
1203 174 1341 200 KING'S
1368 174 1544 200 COUNCIL

482 256 551 287 Rex
567 254 752 286 Manerium
768 254 950 293 predictum
965 253 1092 292 prefato
1106 252 1247 284 ,Johanni
1263 252 1302 283 de
1317 252 1452 290 Molyns
1466 251 1556 283 dedit
1570 255 1604 283 et
1619 251 1776 283 concessit
1791 251 1824 282 in

482 305 596 336 rotulis
610 304 807 335 Cancellarie
821 303 921 342 ipsius
934 302 1031 341 Regis
1044 313 1130 333 anno
1146 302 1234 341 regni
1250 302 1299 332 sui
1313 301 1558 340 quartodecimo
1574 301 1743 332 irrotulate
1754 302 1778 320 ²⁹
1791 301 1824 332 in

483 365 548 393 qua
569 354 753 385 continetur
773 353 860 392 quod
881 353 988 383 dictus
1009 353 1078 383 Rex
1103 352 1289 383 Manerium
1315 351 1497 390 predictum
1517 361 1591 382 cum
1617 350 1825 389 pertinenciis

483 404 570 443 quod
583 404 623 435 ad
636 414 752 434 manus
764 403 864 441 ipsius
876 402 973 441 Regis
985 413 1041 440 per
1053 402 1292 433 forisfacturam
1305 401 1441 439 predicti
1455 400 1591 432 Roberti
1605 400 1661 431 filii
1674 399 1826 431 Willelmi

484 465 541 492 pro
563 464 600 484 eo
621 453 709 491 quod
730 453 816 484 idem
838 453 1001 483 Robertus
1022 451 1159 482 inimicis
1181 451 1278 490 Regis
1299 451 1338 482 de
1359 450 1496 481 Francia
1517 450 1556 481 de
1577 461 1691 489 guerra
1713 453 1826 481 contra

484 504 589 542 ipsum
605 503 725 541 Regem
739 502 866 533 adhesit
878 501 1019 539 deuenit,
1032 501 1122 532 dedit
1133 504 1166 532 et
1180 501 1336 532 concessit
1350 500 1476 538 prefato
1487 500 1505 531 J
1509 500 1628 531 ohanni
1640 500 1679 531 de
1692 499 1827 538 Molyns

485 553 545 583 sub
561 553 665 583 forma
680 553 713 583 in
728 552 841 583 eadem
858 555 948 583 carta
963 554 1127 589 contenta,
1144 554 1177 582 et
1191 561 1229 582 ex
1243 561 1308 589 quo
1324 550 1407 581 clare
1421 550 1523 588 liquet
1538 560 1594 588 per
1609 549 1745 580 eandem
1760 559 1828 580 car-

485 606 554 634 tam
569 603 656 641 quod
670 602 795 633 dictum
809 601 995 633 Manerium
1010 611 1082 632 cum
1097 600 1302 639 pertinenciis
1315 600 1356 631 ad
1370 610 1486 631 manus
1500 599 1596 638 Regis
1608 609 1704 630 causa
1717 609 1828 638 guerre

486 652 628 691 predicte
646 655 683 683 ut
701 652 877 690 predicitur
894 651 1026 682 deuenit
1043 654 1076 682 et
1093 650 1186 690 juxta
1204 653 1383 681 tractatum
1401 649 1489 688 pacis
1506 649 1648 688 predicte
1666 649 1698 679 in
1716 649 1828 680 eodem

486 702 700 741 parliamento
714 705 890 739 ostensum,
905 704 988 732 terre
1002 700 1211 732 bannitorum
1226 703 1258 731 et
1272 699 1500 731 adherencium
1514 699 1569 729 uni
1583 699 1669 737 parti
1684 702 1717 730 et
1735 698 1828 730 alteri

486 752 525 783 de
544 755 682 790 utroque
702 762 809 790 regno,
829 754 862 782 et
880 761 992 782 omnes
1010 750 1055 781 illi
1074 750 1129 788 qui
1150 760 1246 781 causa
1259 760 1370 788 guerre
1391 749 1544 787 [predicte
1558 748 1763 787 ex]he1·edati
1777 748 1828 780 vel

486 802 525 833 de
543 802 635 833 terris
652 805 685 833 et
702 801 938 832 hereditatibus
955 800 1020 831 suis
1037 800 1139 831 amoti
1157 800 1288 831 fuerunt
1305 799 1337 829 in
1355 799 1474 830 eisdem
1491 799 1561 838 jure
1579 802 1612 829 et
1629 798 1828 837 possessione

486 862 548 890 que
565 855 641 882 ante
657 851 874 889 incepeionem
893 861 1005 889 guerre
1021 850 1163 888 predicte
1179 849 1364 880 habuerunt
1384 849 1583 887 integraliter
1603 852 1679 879 sunt
1699 848 1830 879 restitu-

486 901 560 932 endi
577 904 608 932 et
627 901 670 931 sic
688 911 784 932 causa
801 900 1003 932 forisfacture
1022 900 1148 931 racione
1164 910 1275 938 guerre
1291 898 1435 937 predicte
1451 899 1483 928 in
1504 902 1642 936 utroque
1663 908 1759 936 regno
1780 900 1830 928 est

487 951 618 982 omnino
633 961 689 989 per
703 961 815 989 pacem
827 950 913 981 illam
926 950 1069 980 extincta
1080 952 1113 980 et
1124 949 1302 986 adnullata,
1315 948 1467 986 dictaque
1478 947 1593 986 Egidia
1603 958 1660 986 per
1674 947 1830 986 placitum

487 1011 580 1031 suum
597 1010 661 1031 non
677 1000 829 1038 allegauit
845 1010 902 1030 nec
918 999 1094 1030 affirmauit
1107 998 1160 1038 jus
1175 998 1262 1029 dicto
1278 998 1409 1029 domino
1426 997 1506 1036 Regi
1521 1008 1579 1028 nec
1597 997 1701 1028 eidem
1717 997 1830 1035 Egidie

488 1051 519 1081 in
537 1050 687 1081 Manerio
704 1050 849 1088 predicto
866 1060 922 1087 per
939 1049 1035 1080 aliam
1052 1048 1139 1079 viam
1157 1048 1197 1079 ad
1215 1047 1450 1079 excludendum
1468 1047 1631 1086 prefatum
1648 1047 1830 1078 Robertum

488 1100 527 1131 de
545 1101 570 1130 F
573 1100 682 1131 iennes
699 1100 738 1130 de
756 1099 885 1130 accione
903 1109 961 1130 sua
979 1099 1019 1129 ad
1038 1098 1162 1129 dictum
1180 1098 1367 1129 Manerium
1385 1107 1441 1135 per
1458 1107 1571 1135 pacem
1589 1097 1768 1135 predictam
1786 1096 1831 1127 sic

488 1150 650 1181 attributa
671 1149 856 1185 accrevisse,
878 1148 1008 1180 videtur
1028 1148 1243 1187 Magnatibus
1262 1151 1295 1178 et
1315 1147 1386 1178 aliis
1406 1147 1546 1185 peritis-‘³⁰
1561 1147 1600 1177 de
1616 1146 1831 1185 parliamento

489 1200 634 1238 predicto
649 1199 736 1237 quod
752 1209 810 1230 nec
826 1209 882 1237 per
897 1201 1021 1229 cartam
1037 1198 1216 1236 predictam
1232 1197 1271 1228 de
1287 1197 1374 1227 dicto
1388 1197 1532 1228 manerio
1547 1196 1674 1234 prefato
1688 1197 1707 1227 J
1710 1196 1830 1227 ohanni

489 1249 529 1280 de
541 1249 676 1287 Molyns
687 1259 743 1287 per
755 1249 923 1280 dominum
936 1248 1057 1286 Regem
1070 1248 1113 1278 sic
1120 1247 1247 1278 racione
1259 1246 1462 1278 forisfacture
1474 1246 1617 1284 predicte
1630 1245 1761 1283 factam,
1773 1256 1831 1277 nec

490 1309 546 1338 per
562 1299 671 1337 aliqua
688 1299 751 1329 alia
767 1309 823 1337 per
840 1298 1019 1337 predictam
1037 1297 1186 1336 Egidiam
1203 1297 1349 1335 superius
1366 1296 1504 1335 allegata
1521 1296 1622 1334 possit
1639 1299 1697 1327 aut
1714 1296 1832 1327 debeat

489 1349 637 1380 execucio
656 1348 696 1379 de
713 1348 774 1379 hiis
791 1358 854 1387 que
870 1348 914 1378 sic
934 1348 967 1378 in
983 1358 1061 1386 pace
1084 1347 1229 1385 predicta
1245 1346 1452 1377 continentur
1467 1345 1650 1384 aliqualiter
1672 1345 1829 1383 impediri,

491 1409 547 1437 per
559 1398 647 1437 quod
660 1409 725 1429 non
738 1398 859 1429 habeat
871 1400 1053 1436 respectum
1067 1397 1108 1428 ad
1121 1407 1242 1428 errores
1255 1399 1422 1435 pretensos
1434 1406 1492 1426 nec
1506 1395 1547 1426 ad
1561 1395 1623 1426 alia
1636 1406 1692 1433 per
1709 1395 1832 1426 dictam

491 1448 640 1487 Egidiam
668 1447 814 1486 superius
844 1447 983 1486 allegata
1013 1457 1069 1485 per
1099 1450 1207 1477 totum
1238 1446 1489 1484 parliamentum
1518 1445 1700 1484 predictum
1731 1445 1832 1476 consi-

491 1498 641 1529 deratum
663 1501 713 1529 est
732 1497 820 1536 quod
843 1497 967 1528 dictum
990 1496 1177 1528 Manerium
1200 1506 1273 1527 cum
1296 1495 1501 1534 pertinenciis
1524 1495 1556 1525 in
1578 1505 1712 1526 manum
1736 1494 1833 1533 Regis

490 1548 672 1586 capiatur.³¹

526 1620 548 1635 ²⁹
566 1618 610 1644 On
628 1619 659 1644 12
676 1618 836 1650 December,
856 1619 930 1649 1339,
948 1617 1068 1643 Edward
1084 1617 1137 1649 ΙΙΙ,
1186 1616 1265 1642 other
1299 1624 1408 1642 mauors
1443 1615 1527 1641 “and
1560 1615 1608 1641 the
1640 1615 1711 1642 farm
1745 1615 1833 1641 which

493 1656 574 1688 being
585 1656 651 1681 then
662 1659 691 1681 at
703 1656 842 1687 Antwerp,
855 1655 971 1687 granted
982 1658 1011 1680 to
1022 1654 1095 1681 John
1106 1654 1140 1680 de
1187 1654 1293 1680 Robert
1309 1653 1343 1679 de
1359 1653 1465 1679 Fienles
1484 1653 1544 1684 (sic)
1562 1652 1647 1685 lately
1663 1652 1727 1678 held
1742 1652 1770 1678 in
1787 1652 1834 1678 the

494 1693 608 1725 Molyns
619 1694 633 1705 “
646 1693 674 1719 in
683 1701 858 1725 recompense
867 1692 895 1718 of
905 1692 952 1718 the
963 1693 1036 1718 5:100
1045 1692 1139 1724 yearly
1187 1695 1262 1717 town
1271 1691 1300 1717 of
1310 1691 1473 1723 Aylesbury,
1486 1690 1553 1716 m‘th
1563 1690 1610 1715 the
1620 1690 1676 1716 sees
1686 1690 1714 1716 of
1724 1690 1834 1716 Chokes

493 1734 523 1757 at
542 1731 590 1757 the
608 1731 770 1763 Exchequer
788 1730 831 1756 for
850 1730 897 1756 the
915 1733 1032 1762 support
1051 1729 1080 1755 of
1098 1729 1140 1754 his
1187 1729 1243 1754 late
1256 1729 1285 1754 of
1298 1728 1371 1755 John
1386 1728 1419 1754 de
1433 1727 1567 1761 Fienles,yy
1582 1728 1630 1753 &c
1666 1728 1737 1758 (Pae.
1751 1728 1833 1759 Roas,

493 1771 582 1794 estate
598 1768 626 1794 of
643 1768 776 1794 banneret
795 1767 880 1799 lately
900 1767 1016 1799 granted
1036 1770 1065 1792 to
1082 1766 1140 1792 him
1190 1767 1282 1798 12-14‚
1302 1766 1355 1791 Ed.
1375 1766 1428 1797 III,
1447 1774 1484 1791 m.
1504 1767 1528 1797 5,
1548 1774 1574 1797 p.
1595 1765 1667 1796 402.)
1713 1766 1737 1790 A
1755 1765 1835 1790 fuller

494 1806 532 1838 by
544 1805 591 1832 the
603 1805 669 1837 king
681 1805 696 1817 ”
711 1805 758 1831 the
770 1814 866 1831 manor
878 1805 906 1831 of
918 1804 1073 1831 Wendovre
1085 1804 1140 1830 and
1188 1806 1277 1835 grant,
1300 1803 1385 1829 dated
1407 1802 1608 1834 Westminster,
1631 1804 1647 1828 5
1670 1802 1777 1833 March,
1803 1803 1835 1827 14
