<?xml version="1.0" encoding="UTF-8"?>
<!DOCTYPE html PUBLIC "-//W3C//DTD XHTML 1.0 Transitional//EN"
    "http://www.w3.org/TR/xhtml1/DTD/xhtml1-transitional.dtd">
<html xmlns="http://www.w3.org/1999/xhtml" xml:lang="en" lang="en">
 <head>
  <title>
</title>
<meta http-equiv="Content-Type" content="text/html;charset=utf-8" />
  <meta name='ocr-system' content='tesseract 3.04.00' />
  <meta name='ocr-capabilities' content='ocr_page ocr_carea ocr_par ocr_line ocrx_word'/>
</head>
<body>
  <div class='ocr_page' id='page_1' title='image "./selectcasesbefor00englrich_0186.png"; bbox 0 0 2112 2901; ppageno 0'>
   <div class='ocr_carea' id='block_1_1' title="bbox 318 1087 422 1177">
    <p class='ocr_par' dir='ltr' id='par_1_1' title="bbox 318 1087 422 1177">
     <span class='ocr_line' id='line_1_1' title="bbox 319 1087 422 1110; baseline 0.019 -2"><span class='ocrx_word' id='word_1_1' title='bbox 319 1087 422 1110; x_wconf 76' lang='lat' dir='ltr'>London&#39;,</span> 
     </span>
     <span class='ocr_line' id='line_1_2' title="bbox 318 1121 386 1142; baseline -0.015 0"><span class='ocrx_word' id='word_1_2' title='bbox 318 1121 386 1142; x_wconf 84' lang='lat' dir='ltr'>Ebor&#39;</span> 
     </span>
     <span class='ocr_line' id='line_1_3' title="bbox 318 1153 420 1177; baseline -0.01 -2"><span class='ocrx_word' id='word_1_3' title='bbox 318 1153 420 1177; x_wconf 69' lang='lat' dir='ltr'>Lincoln!</span> 
     </span>
    </p>
   </div>
   <div class='ocr_carea' id='block_1_2' title="bbox 393 1513 471 1543">
    <p class='ocr_par' dir='ltr' id='par_1_2' title="bbox 393 1513 471 1543">
     <span class='ocr_line' id='line_1_4' title="bbox 393 1513 471 1543; baseline 0.013 -1"><span class='ocrx_word' id='word_1_4' title='bbox 393 1513 471 1543; x_wconf 85' lang='lat'>1322</span> 
     </span>
    </p>
   </div>
   <div class='ocr_carea' id='block_1_3' title="bbox 495 161 1558 201">
    <p class='ocr_par' dir='ltr' id='par_1_3' title="bbox 495 161 1558 201">
     <span class='ocr_line' id='line_1_5' title="bbox 495 161 1558 201; baseline 0.004 -4"><span class='ocrx_word' id='word_1_5' title='bbox 495 161 542 197; x_wconf 90' lang='grc'>32</span> <span class='ocrx_word' id='word_1_6' title='bbox 776 173 896 198; x_wconf 72' lang='lat' dir='ltr'>CAsns</span> <span class='ocrx_word' id='word_1_7' title='bbox 923 173 1082 199; x_wconf 78' lang='lat' dir='ltr'><strong>BEFORE</strong></span> <span class='ocrx_word' id='word_1_8' title='bbox 1110 174 1190 199; x_wconf 82' lang='lat' dir='ltr'>THE</span> <span class='ocrx_word' id='word_1_9' title='bbox 1218 175 1355 200; x_wconf 80' lang='lat' dir='ltr'>KING⁷s</span> <span class='ocrx_word' id='word_1_10' title='bbox 1382 175 1558 201; x_wconf 85' lang='lat' dir='ltr'>COUNCIL</span> 
     </span>
    </p>
   </div>
   <div class='ocr_carea' id='block_1_4' title="bbox 494 249 1842 1335">
    <p class='ocr_par' dir='ltr' id='par_1_4' title="bbox 494 249 1838 537">
     <span class='ocr_line' id='line_1_6' title="bbox 496 249 1838 293; baseline 0.005 -14"><span class='ocrx_word' id='word_1_11' title='bbox 496 249 646 288; x_wconf 84' lang='lat' dir='ltr'>Episcopi</span> <span class='ocrx_word' id='word_1_12' title='bbox 662 260 717 281; x_wconf 90' lang='grc'><strong>5611</strong></span> <span class='ocrx_word' id='word_1_13' title='bbox 733 250 786 281; x_wconf 89' lang='lat' dir='ltr'>alii</span> <span class='ocrx_word' id='word_1_14' title='bbox 800 250 983 289; x_wconf 80' lang='lat' dir='ltr'>quicunque</span> <span class='ocrx_word' id='word_1_15' title='bbox 999 251 1017 282; x_wconf 87' lang='lat' dir='ltr'><strong>J</strong></span> <span class='ocrx_word' id='word_1_16' title='bbox 1021 250 1261 283; x_wconf 88' lang='lat' dir='ltr'>urisdiccionem</span> <span class='ocrx_word' id='word_1_17' title='bbox 1277 252 1471 284; x_wconf 83' lang='lat' dir='ltr'>ordinariam</span> <span class='ocrx_word' id='word_1_18' title='bbox 1487 263 1628 285; x_wconf 87' lang='lat' dir='ltr'>exercere</span> <span class='ocrx_word' id='word_1_19' title='bbox 1642 254 1765 293; x_wconf 77' lang='lat' dir='ltr'>possint</span> <span class='ocrx_word' id='word_1_20' title='bbox 1779 257 1838 286; x_wconf 86' lang='lat' dir='ltr'>aut</span> 
     </span>
     <span class='ocr_line' id='line_1_7' title="bbox 495 299 1837 342; baseline 0.004 -13"><span class='ocrx_word' id='word_1_21' title='bbox 495 299 635 331; x_wconf 82' lang='lat' dir='ltr'>debeant</span> <span class='ocrx_word' id='word_1_22' title='bbox 652 300 807 338; x_wconf 77' lang='lat' dir='ltr'>Idemque</span> <span class='ocrx_word' id='word_1_23' title='bbox 823 300 966 332; x_wconf 88' lang='lat' dir='ltr'>officialis</span> <span class='ocrx_word' id='word_1_24' title='bbox 987 301 1149 339; x_wconf 89' lang='lat' dir='ltr'>Cognouit</span> <span class='ocrx_word' id='word_1_25' title='bbox 1169 302 1255 340; x_wconf 89' lang='lat' dir='ltr'>quod</span> <span class='ocrx_word' id='word_1_26' title='bbox 1276 302 1308 332; x_wconf 90' lang='lat' dir='ltr'>in</span> <span class='ocrx_word' id='word_1_27' title='bbox 1329 303 1459 340; x_wconf 85' lang='lat' dir='ltr'>negocio</span> <span class='ocrx_word' id='word_1_28' title='bbox 1476 303 1619 341; x_wconf 89' lang='lat' dir='ltr'>predicto</span> <span class='ocrx_word' id='word_1_29' title='bbox 1635 304 1789 342; x_wconf 85' lang='lat' dir='ltr'>processit</span> <span class='ocrx_word' id='word_1_30' title='bbox 1803 307 1837 335; x_wconf 88' lang='lat' dir='ltr'>et</span> 
     </span>
     <span class='ocr_line' id='line_1_8' title="bbox 496 349 1838 392; baseline 0.004 -13"><span class='ocrx_word' id='word_1_31' title='bbox 496 359 678 387; x_wconf 79' lang='lat' dir='ltr'>processum</span> <span class='ocrx_word' id='word_1_32' title='bbox 692 349 896 381; x_wconf 84' lang='lat' dir='ltr'>continuauit</span> <span class='ocrx_word' id='word_1_33' title='bbox 912 354 1085 389; x_wconf 76' lang='lat' dir='ltr'>postquam</span> <span class='ocrx_word' id='word_1_34' title='bbox 1099 361 1154 390; x_wconf 93' lang='lat' dir='ltr'>per</span> <span class='ocrx_word' id='word_1_35' title='bbox 1169 351 1363 390; x_wconf 86' lang='lat' dir='ltr'>superiorem</span> <span class='ocrx_word' id='word_1_36' title='bbox 1377 363 1470 383; x_wconf 89' lang='lat' dir='ltr'>suum</span> <span class='ocrx_word' id='word_1_37' title='bbox 1485 353 1754 384; x_wconf 88' lang='lat' dir='ltr'>Archidiaconum</span> <span class='ocrx_word' id='word_1_38' title='bbox 1768 364 1838 392; x_wconf 89' lang='lat' dir='ltr'>pre-</span> 
     </span>
     <span class='ocr_line' id='line_1_9' title="bbox 495 399 1837 441; baseline 0.004 -12"><span class='ocrx_word' id='word_1_39' title='bbox 495 399 617 429; x_wconf 89' lang='lat' dir='ltr'>dictum</span> <span class='ocrx_word' id='word_1_40' title='bbox 639 399 698 429; x_wconf 91' lang='lat' dir='ltr'>sibi</span> <span class='ocrx_word' id='word_1_41' title='bbox 719 399 893 430; x_wconf 86' lang='lat' dir='ltr'>inhibitum</span> <span class='ocrx_word' id='word_1_42' title='bbox 914 400 975 431; x_wconf 90' lang='lat' dir='ltr'>fuit</span> <span class='ocrx_word' id='word_1_43' title='bbox 996 411 1036 431; x_wconf 91' lang='lat' dir='ltr'>ne</span> <span class='ocrx_word' id='word_1_44' title='bbox 1055 400 1087 431; x_wconf 88' lang='lat' dir='ltr'>in</span> <span class='ocrx_word' id='word_1_45' title='bbox 1108 401 1238 439; x_wconf 85' lang='lat' dir='ltr'>negocio</span> <span class='ocrx_word' id='word_1_46' title='bbox 1259 401 1403 439; x_wconf 84' lang='lat' dir='ltr'>predicto</span> <span class='ocrx_word' id='word_1_47' title='bbox 1424 403 1608 440; x_wconf 75' lang='lat' dir='ltr'>procederet</span> <span class='ocrx_word' id='word_1_48' title='bbox 1629 413 1691 441; x_wconf 88' lang='lat' dir='ltr'>que</span> <span class='ocrx_word' id='word_1_49' title='bbox 1706 403 1837 441; x_wconf 90' lang='lat' dir='ltr'>quidem</span> 
     </span>
     <span class='ocr_line' id='line_1_10' title="bbox 494 449 1838 490; baseline 0.004 -12"><span class='ocrx_word' id='word_1_50' title='bbox 494 449 602 479; x_wconf 79' lang='lat' dir='ltr'>omnia</span> <span class='ocrx_word' id='word_1_51' title='bbox 625 449 657 479; x_wconf 93' lang='lat' dir='ltr'>in</span> <span class='ocrx_word' id='word_1_52' title='bbox 683 449 820 480; x_wconf 81' lang='lat' dir='ltr'>dedecus</span> <span class='ocrx_word' id='word_1_53' title='bbox 845 453 878 480; x_wconf 90' lang='lat' dir='ltr'>et</span> <span class='ocrx_word' id='word_1_54' title='bbox 903 453 1126 488; x_wconf 86' lang='lat' dir='ltr'>contemptum</span> <span class='ocrx_word' id='word_1_55' title='bbox 1148 449 1270 481; x_wconf 87' lang='lat' dir='ltr'>domini</span> <span class='ocrx_word' id='word_1_56' title='bbox 1293 452 1389 490; x_wconf 86' lang='lat' dir='ltr'>Regis</span> <span class='ocrx_word' id='word_1_57' title='bbox 1410 452 1579 483; x_wconf 87' lang='lat' dir='ltr'>manifeste</span> <span class='ocrx_word' id='word_1_58' title='bbox 1601 453 1784 483; x_wconf 84' lang='lat' dir='ltr'>redundant</span> <span class='ocrx_word' id='word_1_59' title='bbox 1804 455 1838 484; x_wconf 86' lang='lat' dir='ltr'>et</span> 
     </span>
     <span class='ocr_line' id='line_1_11' title="bbox 494 499 1160 537; baseline 0.002 -8"><span class='ocrx_word' id='word_1_60' title='bbox 494 502 607 529; x_wconf 80' lang='lat' dir='ltr'>contra</span> <span class='ocrx_word' id='word_1_61' title='bbox 623 499 785 529; x_wconf 80' lang='lat' dir='ltr'>Coronam</span> <span class='ocrx_word' id='word_1_62' title='bbox 802 502 834 530; x_wconf 88' lang='lat' dir='ltr'>et</span> <span class='ocrx_word' id='word_1_63' title='bbox 851 499 1042 537; x_wconf 83' lang='lat' dir='ltr'>dignitatem</span> <span class='ocrx_word' id='word_1_64' title='bbox 1059 511 1160 531; x_wconf 86' lang='lat' dir='ltr'>suam.</span> 
     </span>
    </p>

    <p class='ocr_par' dir='ltr' id='par_1_5' title="bbox 494 548 1842 1335">
     <span class='ocr_line' id='line_1_12' title="bbox 549 548 1837 588; baseline 0.003 -10"><span class='ocrx_word' id='word_1_65' title='bbox 549 548 798 579; x_wconf 81' lang='lat' dir='ltr'>Consideratum</span> <span class='ocrx_word' id='word_1_66' title='bbox 824 552 873 580; x_wconf 89' lang='lat' dir='ltr'>est</span> <span class='ocrx_word' id='word_1_67' title='bbox 898 549 985 588; x_wconf 86' lang='lat' dir='ltr'>quod</span> <span class='ocrx_word' id='word_1_68' title='bbox 1012 549 1097 581; x_wconf 87' lang='lat' dir='ltr'>idem</span> <span class='ocrx_word' id='word_1_69' title='bbox 1123 550 1274 581; x_wconf 88' lang='lat' dir='ltr'>Officialis</span> <span class='ocrx_word' id='word_1_70' title='bbox 1300 550 1525 582; x_wconf 79' lang='lat' dir='ltr'>committatur</span> <span class='ocrx_word' id='word_1_71' title='bbox 1551 551 1645 582; x_wconf 88' lang='lat' dir='ltr'>Turri</span> <span class='ocrx_word' id='word_1_72' title='bbox 1673 551 1837 582; x_wconf 88' lang='lat' dir='ltr'>Londonie</span> 
     </span>
     <span class='ocr_line' id='line_1_13' title="bbox 494 598 1838 639; baseline 0.003 -11"><span class='ocrx_word' id='word_1_73' title='bbox 494 601 525 628; x_wconf 87' lang='lat' dir='ltr'>et</span> <span class='ocrx_word' id='word_1_74' title='bbox 541 598 660 628; x_wconf 86' lang='lat' dir='ltr'>ibidem</span> <span class='ocrx_word' id='word_1_75' title='bbox 677 598 879 629; x_wconf 79' lang='lat' dir='ltr'>custodiatur</span> <span class='ocrx_word' id='word_1_76' title='bbox 894 599 935 630; x_wconf 89' lang='lat' dir='ltr'>ad</span> <span class='ocrx_word' id='word_1_77' title='bbox 953 599 1155 631; x_wconf 84' lang='lat' dir='ltr'>voluntatem</span> <span class='ocrx_word' id='word_1_78' title='bbox 1174 599 1295 631; x_wconf 88' lang='lat' dir='ltr'>domini</span> <span class='ocrx_word' id='word_1_79' title='bbox 1313 601 1417 639; x_wconf 88' lang='lat' dir='ltr'>Regis.</span> <span class='ocrx_word' id='word_1_80' title='bbox 1456 601 1495 631; x_wconf 85' lang='lat' dir='ltr'>Et</span> <span class='ocrx_word' id='word_1_81' title='bbox 1515 611 1579 639; x_wconf 89' lang='lat' dir='ltr'>quo</span> <span class='ocrx_word' id='word_1_82' title='bbox 1595 601 1635 632; x_wconf 86' lang='lat' dir='ltr'>ad</span> <span class='ocrx_word' id='word_1_83' title='bbox 1658 601 1838 639; x_wconf 88' lang='lat' dir='ltr'>predictum</span> 
     </span>
     <span class='ocr_line' id='line_1_14' title="bbox 495 648 1839 689; baseline 0.003 -11"><span class='ocrx_word' id='word_1_84' title='bbox 495 648 763 679; x_wconf 87' lang='lat' dir='ltr'>Archidiaconum</span> <span class='ocrx_word' id='word_1_85' title='bbox 780 649 857 686; x_wconf 87' lang='lat' dir='ltr'>quia</span> <span class='ocrx_word' id='word_1_86' title='bbox 872 649 939 687; x_wconf 89' lang='lat' dir='ltr'>ipse</span> <span class='ocrx_word' id='word_1_87' title='bbox 955 650 1117 688; x_wconf 86' lang='lat' dir='ltr'>pretendit</span> <span class='ocrx_word' id='word_1_88' title='bbox 1133 660 1165 680; x_wconf 90' lang='lat' dir='ltr'>se</span> <span class='ocrx_word' id='word_1_89' title='bbox 1181 650 1364 688; x_wconf 76' lang='lat' dir='ltr'>acquietare</span> <span class='ocrx_word' id='word_1_90' title='bbox 1381 650 1466 689; x_wconf 89' lang='lat' dir='ltr'>quod</span> <span class='ocrx_word' id='word_1_91' title='bbox 1483 651 1550 689; x_wconf 88' lang='lat' dir='ltr'>ipse</span> <span class='ocrx_word' id='word_1_92' title='bbox 1564 650 1753 682; x_wconf 89' lang='lat' dir='ltr'>citacionem</span> <span class='ocrx_word' id='word_1_93' title='bbox 1770 661 1839 689; x_wconf 88' lang='lat' dir='ltr'>pre-</span> 
     </span>
     <span class='ocr_line' id='line_1_15' title="bbox 495 697 1839 739; baseline 0.002 -11"><span class='ocrx_word' id='word_1_94' title='bbox 495 697 615 728; x_wconf 80' lang='lat' dir='ltr'>dictam</span> <span class='ocrx_word' id='word_1_95' title='bbox 632 708 798 737; x_wconf 83' lang='lat' dir='ltr'>nunquam</span> <span class='ocrx_word' id='word_1_96' title='bbox 814 699 880 729; x_wconf 89' lang='lat' dir='ltr'>fieri</span> <span class='ocrx_word' id='word_1_97' title='bbox 897 699 1038 737; x_wconf 83' lang='lat' dir='ltr'>precepit</span> <span class='ocrx_word' id='word_1_98' title='bbox 1053 710 1110 730; x_wconf 89' lang='lat' dir='ltr'>nec</span> <span class='ocrx_word' id='word_1_99' title='bbox 1127 700 1247 738; x_wconf 88' lang='lat' dir='ltr'>aliquid</span> <span class='ocrx_word' id='word_1_100' title='bbox 1263 700 1302 730; x_wconf 88' lang='lat' dir='ltr'>de</span> <span class='ocrx_word' id='word_1_101' title='bbox 1318 700 1461 738; x_wconf 90' lang='lat' dir='ltr'>predicto</span> <span class='ocrx_word' id='word_1_102' title='bbox 1477 700 1607 739; x_wconf 87' lang='lat' dir='ltr'>negocio</span> <span class='ocrx_word' id='word_1_103' title='bbox 1623 700 1717 731; x_wconf 86' lang='lat' dir='ltr'>scivit</span> <span class='ocrx_word' id='word_1_104' title='bbox 1733 704 1791 732; x_wconf 87' lang='lat' dir='ltr'>aut</span> <span class='ocrx_word' id='word_1_105' title='bbox 1806 711 1839 731; x_wconf 92' lang='lat' dir='ltr'>se</span> 
     </span>
     <span class='ocr_line' id='line_1_16' title="bbox 494 747 1839 789; baseline 0.002 -11"><span class='ocrx_word' id='word_1_106' title='bbox 494 747 668 779; x_wconf 87' lang='lat' dir='ltr'>intromisit</span> <span class='ocrx_word' id='word_1_107' title='bbox 694 758 861 787; x_wconf 84' lang='lat' dir='ltr'>quousque</span> <span class='ocrx_word' id='word_1_108' title='bbox 889 749 1033 787; x_wconf 86' lang='lat' dir='ltr'>prefatus</span> <span class='ocrx_word' id='word_1_109' title='bbox 1060 749 1238 788; x_wconf 82' lang='lat' dir='ltr'>Episcopus</span> <span class='ocrx_word' id='word_1_110' title='bbox 1265 750 1325 780; x_wconf 88' lang='lat' dir='ltr'>sibi</span> <span class='ocrx_word' id='word_1_111' title='bbox 1348 750 1387 781; x_wconf 91' lang='lat' dir='ltr'>de</span> <span class='ocrx_word' id='word_1_112' title='bbox 1409 751 1565 781; x_wconf 82' lang='lat' dir='ltr'>mandato</span> <span class='ocrx_word' id='word_1_113' title='bbox 1588 750 1719 781; x_wconf 92' lang='lat' dir='ltr'>Domini</span> <span class='ocrx_word' id='word_1_114' title='bbox 1743 750 1839 789; x_wconf 84' lang='lat' dir='ltr'>Regis</span> 
     </span>
     <span class='ocr_line' id='line_1_17' title="bbox 495 798 1839 838; baseline 0.003 -11"><span class='ocrx_word' id='word_1_115' title='bbox 495 801 641 828; x_wconf 80' lang='lat' dir='ltr'>constare</span> <span class='ocrx_word' id='word_1_116' title='bbox 659 798 735 828; x_wconf 85' lang='lat' dir='ltr'>fecit</span> <span class='ocrx_word' id='word_1_117' title='bbox 754 802 849 836; x_wconf 85' lang='lat' dir='ltr'>prout</span> <span class='ocrx_word' id='word_1_118' title='bbox 866 798 898 828; x_wconf 90' lang='lat' dir='ltr'>in</span> <span class='ocrx_word' id='word_1_119' title='bbox 917 799 1120 837; x_wconf 79' lang='lat' dir='ltr'>responsione</span> <span class='ocrx_word' id='word_1_120' title='bbox 1138 810 1195 830; x_wconf 81' lang='lat' dir='ltr'>sua</span> <span class='ocrx_word' id='word_1_121' title='bbox 1213 800 1356 838; x_wconf 90' lang='lat' dir='ltr'>superius</span> <span class='ocrx_word' id='word_1_122' title='bbox 1375 800 1566 837; x_wconf 86' lang='lat' dir='ltr'>continetur,</span> <span class='ocrx_word' id='word_1_123' title='bbox 1586 803 1618 831; x_wconf 90' lang='lat' dir='ltr'>et</span> <span class='ocrx_word' id='word_1_124' title='bbox 1636 804 1713 831; x_wconf 88' lang='lat' dir='ltr'>tunc</span> <span class='ocrx_word' id='word_1_125' title='bbox 1731 800 1839 831; x_wconf 88' lang='lat' dir='ltr'>incon-</span> 
     </span>
     <span class='ocr_line' id='line_1_18' title="bbox 496 847 1839 880; baseline 0.002 -3"><span class='ocrx_word' id='word_1_126' title='bbox 496 847 611 878; x_wconf 86' lang='lat' dir='ltr'>tinenti</span> <span class='ocrx_word' id='word_1_127' title='bbox 627 848 767 878; x_wconf 84' lang='lat' dir='ltr'>inhibuit</span> <span class='ocrx_word' id='word_1_128' title='bbox 781 848 867 879; x_wconf 89' lang='lat' dir='ltr'>dicto</span> <span class='ocrx_word' id='word_1_129' title='bbox 882 849 1015 879; x_wconf 66' lang='lat' dir='ltr'>officiali</span> <span class='ocrx_word' id='word_1_130' title='bbox 1032 860 1089 879; x_wconf 90' lang='lat' dir='ltr'>suo</span> <span class='ocrx_word' id='word_1_131' title='bbox 1101 860 1140 880; x_wconf 91' lang='lat' dir='ltr'>ne</span> <span class='ocrx_word' id='word_1_132' title='bbox 1155 860 1187 880; x_wconf 87' lang='lat' dir='ltr'>sc</span> <span class='ocrx_word' id='word_1_133' title='bbox 1201 849 1334 880; x_wconf 84' lang='lat' dir='ltr'>vlterius</span> <span class='ocrx_word' id='word_1_134' title='bbox 1345 850 1418 880; x_wconf 88' lang='lat' dir='ltr'>inde</span> <span class='ocrx_word' id='word_1_135' title='bbox 1432 849 1672 880; x_wconf 81' lang='lat' dir='ltr'>intromitteret.</span> <span class='ocrx_word' id='word_1_136' title='bbox 1700 850 1743 880; x_wconf 90' lang='lat' dir='ltr'>Et</span> <span class='ocrx_word' id='word_1_137' title='bbox 1754 850 1839 880; x_wconf 91' lang='lat' dir='ltr'>idem</span> 
     </span>
     <span class='ocr_line' id='line_1_19' title="bbox 496 897 1839 937; baseline 0.001 -10"><span class='ocrx_word' id='word_1_138' title='bbox 496 897 646 928; x_wconf 78' lang='lat' dir='ltr'>Officinlis</span> <span class='ocrx_word' id='word_1_139' title='bbox 663 898 722 937; x_wconf 86' lang='lat' dir='ltr'>hoc</span> <span class='ocrx_word' id='word_1_140' title='bbox 740 897 824 928; x_wconf 86' lang='lat' dir='ltr'>idem</span> <span class='ocrx_word' id='word_1_141' title='bbox 842 898 873 928; x_wconf 91' lang='lat' dir='ltr'>in</span> <span class='ocrx_word' id='word_1_142' title='bbox 892 899 1094 936; x_wconf 82' lang='lat' dir='ltr'>responsione</span> <span class='ocrx_word' id='word_1_143' title='bbox 1111 909 1169 929; x_wconf 78' lang='lat' dir='ltr'>sua</span> <span class='ocrx_word' id='word_1_144' title='bbox 1185 899 1329 937; x_wconf 87' lang='lat' dir='ltr'>superius</span> <span class='ocrx_word' id='word_1_145' title='bbox 1347 899 1508 937; x_wconf 87' lang='lat' dir='ltr'>cognovit,</span> <span class='ocrx_word' id='word_1_146' title='bbox 1527 899 1566 929; x_wconf 85' lang='lat' dir='ltr'>de</span> <span class='ocrx_word' id='word_1_147' title='bbox 1582 899 1688 937; x_wconf 81' lang='lat' dir='ltr'>gracia</span> <span class='ocrx_word' id='word_1_148' title='bbox 1706 899 1839 930; x_wconf 86' lang='lat' dir='ltr'>Domini</span> 
     </span>
     <span class='ocr_line' id='line_1_20' title="bbox 497 947 1840 987; baseline 0.001 -10"><span class='ocrx_word' id='word_1_149' title='bbox 497 947 592 985; x_wconf 87' lang='lat' dir='ltr'>Regis</span> <span class='ocrx_word' id='word_1_150' title='bbox 606 947 734 985; x_wconf 84' lang='lat' dir='ltr'>speciali</span> <span class='ocrx_word' id='word_1_151' title='bbox 748 947 844 978; x_wconf 85' lang='lat' dir='ltr'>datus</span> <span class='ocrx_word' id='word_1_152' title='bbox 858 951 906 978; x_wconf 91' lang='lat' dir='ltr'>est</span> <span class='ocrx_word' id='word_1_153' title='bbox 920 948 948 979; x_wconf 89' lang='lat' dir='ltr'>ei</span> <span class='ocrx_word' id='word_1_154' title='bbox 962 948 1028 979; x_wconf 90' lang='lat' dir='ltr'>dics</span> <span class='ocrx_word' id='word_1_155' title='bbox 1042 948 1083 979; x_wconf 81' lang='lat' dir='ltr'>ad</span> <span class='ocrx_word' id='word_1_156' title='bbox 1098 949 1277 987; x_wconf 84' lang='lat' dir='ltr'>proximum</span> <span class='ocrx_word' id='word_1_157' title='bbox 1290 949 1572 979; x_wconf 77' lang='lat' dir='ltr'>Parliamentum³⁴</span> <span class='ocrx_word' id='word_1_158' title='bbox 1586 953 1662 979; x_wconf 85' lang='lat' dir='ltr'>tunc</span> <span class='ocrx_word' id='word_1_159' title='bbox 1677 949 1716 979; x_wconf 89' lang='lat' dir='ltr'>de</span> <span class='ocrx_word' id='word_1_160' title='bbox 1727 949 1840 980; x_wconf 90' lang='lat' dir='ltr'>volun-</span> 
     </span>
     <span class='ocr_line' id='line_1_21' title="bbox 496 995 1841 1036; baseline 0.001 -8"><span class='ocrx_word' id='word_1_161' title='bbox 496 1000 565 1028; x_wconf 85' lang='lat' dir='ltr'>tate</span> <span class='ocrx_word' id='word_1_162' title='bbox 581 995 702 1028; x_wconf 88' lang='lat' dir='ltr'>domini</span> <span class='ocrx_word' id='word_1_163' title='bbox 719 997 814 1035; x_wconf 83' lang='lat' dir='ltr'>Regis</span> <span class='ocrx_word' id='word_1_164' title='bbox 834 997 906 1028; x_wconf 88' lang='lat' dir='ltr'>inde</span> <span class='ocrx_word' id='word_1_165' title='bbox 927 998 1088 1029; x_wconf 84' lang='lat' dir='ltr'>audienda</span> <span class='ocrx_word' id='word_1_166' title='bbox 1109 998 1164 1028; x_wconf 71' lang='lat' dir='ltr'>&amp;e</span> <span class='ocrx_word' id='word_1_167' title='bbox 1206 998 1249 1029; x_wconf 91' lang='lat' dir='ltr'>Et</span> <span class='ocrx_word' id='word_1_168' title='bbox 1267 998 1305 1029; x_wconf 89' lang='lat' dir='ltr'>de</span> <span class='ocrx_word' id='word_1_169' title='bbox 1326 998 1477 1036; x_wconf 84' lang='lat' dir='ltr'>predictis</span> <span class='ocrx_word' id='word_1_170' title='bbox 1497 999 1629 1029; x_wconf 83' lang='lat' dir='ltr'>notariis</span> <span class='ocrx_word' id='word_1_171' title='bbox 1650 1002 1682 1029; x_wconf 89' lang='lat' dir='ltr'>et</span> <span class='ocrx_word' id='word_1_172' title='bbox 1703 998 1841 1029; x_wconf 86' lang='lat' dir='ltr'>testibus</span> 
     </span>
     <span class='ocr_line' id='line_1_22' title="bbox 497 1047 1840 1085; baseline 0.001 -8"><span class='ocrx_word' id='word_1_173' title='bbox 497 1051 684 1085; x_wconf 87' lang='lat' dir='ltr'>preceptum</span> <span class='ocrx_word' id='word_1_174' title='bbox 715 1050 764 1077; x_wconf 87' lang='lat' dir='ltr'>est</span> <span class='ocrx_word' id='word_1_175' title='bbox 799 1047 1042 1078; x_wconf 85' lang='lat' dir='ltr'>vicecomitibus</span> <span class='ocrx_word' id='word_1_176' title='bbox 1078 1048 1292 1079; x_wconf 89' lang='lat' dir='ltr'>Londoniensi</span> <span class='ocrx_word' id='word_1_177' title='bbox 1330 1048 1523 1079; x_wconf 84' lang='lat' dir='ltr'>Eboracensi</span> <span class='ocrx_word' id='word_1_178' title='bbox 1559 1052 1592 1079; x_wconf 88' lang='lat' dir='ltr'>et</span> <span class='ocrx_word' id='word_1_179' title='bbox 1628 1048 1840 1079; x_wconf 87' lang='lat' dir='ltr'>Lincolniensi</span> 
     </span>
     <span class='ocr_line' id='line_1_23' title="bbox 497 1096 1840 1136; baseline 0.001 -9"><span class='ocrx_word' id='word_1_180' title='bbox 497 1096 646 1127; x_wconf 83' lang='lat' dir='ltr'>videlicet</span> <span class='ocrx_word' id='word_1_181' title='bbox 661 1097 792 1135; x_wconf 89' lang='lat' dir='ltr'>singulis</span> <span class='ocrx_word' id='word_1_182' title='bbox 808 1107 917 1128; x_wconf 88' lang='lat' dir='ltr'>eorum</span> <span class='ocrx_word' id='word_1_183' title='bbox 934 1098 1108 1136; x_wconf 85' lang='lat' dir='ltr'>separatim</span> <span class='ocrx_word' id='word_1_184' title='bbox 1124 1098 1211 1136; x_wconf 89' lang='lat' dir='ltr'>quod</span> <span class='ocrx_word' id='word_1_185' title='bbox 1227 1098 1444 1129; x_wconf 86' lang='lat' dir='ltr'>attachiarent</span> <span class='ocrx_word' id='word_1_186' title='bbox 1461 1098 1620 1136; x_wconf 86' lang='lat' dir='ltr'>predictos</span> <span class='ocrx_word' id='word_1_187' title='bbox 1636 1098 1840 1129; x_wconf 84' lang='lat' dir='ltr'>Notarium³⁵</span> 
     </span>
     <span class='ocr_line' id='line_1_24' title="bbox 497 1147 1840 1186; baseline 0.001 -9"><span class='ocrx_word' id='word_1_188' title='bbox 497 1150 530 1177; x_wconf 86' lang='lat' dir='ltr'>et</span> <span class='ocrx_word' id='word_1_189' title='bbox 546 1150 645 1177; x_wconf 86' lang='lat' dir='ltr'>testes</span> <span class='ocrx_word' id='word_1_190' title='bbox 662 1147 714 1177; x_wconf 86' lang='lat' dir='ltr'>Ita</span> <span class='ocrx_word' id='word_1_191' title='bbox 730 1147 817 1184; x_wconf 87' lang='lat' dir='ltr'>quod</span> <span class='ocrx_word' id='word_1_192' title='bbox 834 1157 887 1178; x_wconf 90' lang='lat' dir='ltr'>eos</span> <span class='ocrx_word' id='word_1_193' title='bbox 903 1147 1045 1178; x_wconf 80' lang='lat' dir='ltr'>habeant</span> <span class='ocrx_word' id='word_1_194' title='bbox 1062 1158 1168 1179; x_wconf 86' lang='lat' dir='ltr'>eoram</span> <span class='ocrx_word' id='word_1_195' title='bbox 1188 1148 1256 1186; x_wconf 89' lang='lat' dir='ltr'>ipso</span> <span class='ocrx_word' id='word_1_196' title='bbox 1275 1148 1405 1178; x_wconf 89' lang='lat' dir='ltr'>domino</span> <span class='ocrx_word' id='word_1_197' title='bbox 1424 1148 1510 1186; x_wconf 87' lang='lat' dir='ltr'>Rege</span> <span class='ocrx_word' id='word_1_198' title='bbox 1528 1148 1560 1178; x_wconf 90' lang='lat' dir='ltr'>in</span> <span class='ocrx_word' id='word_1_199' title='bbox 1579 1148 1718 1178; x_wconf 85' lang='lat' dir='ltr'>crastino</span> <span class='ocrx_word' id='word_1_200' title='bbox 1737 1147 1840 1179; x_wconf 89' lang='lat' dir='ltr'>sancti</span> 
     </span>
     <span class='ocr_line' id='line_1_25' title="bbox 497 1196 1842 1236; baseline 0.001 -10"><span class='ocrx_word' id='word_1_201' title='bbox 497 1196 653 1227; x_wconf 83' lang='lat' dir='ltr'>Johannis</span> <span class='ocrx_word' id='word_1_202' title='bbox 670 1197 848 1234; x_wconf 73' lang='lat' dir='ltr'>Baptiste³⁶</span> <span class='ocrx_word' id='word_1_203' title='bbox 861 1197 1083 1235; x_wconf 78' lang='lat' dir='ltr'>Vbicumque³⁷</span> <span class='ocrx_word' id='word_1_204' title='bbox 1098 1198 1152 1229; x_wconf 81' lang='lat' dir='ltr'>&amp;c.</span> <span class='ocrx_word' id='word_1_205' title='bbox 1169 1197 1210 1228; x_wconf 83' lang='lat' dir='ltr'>ad</span> <span class='ocrx_word' id='word_1_206' title='bbox 1224 1198 1481 1236; x_wconf 89' lang='lat' dir='ltr'>respondendum</span> <span class='ocrx_word' id='word_1_207' title='bbox 1497 1197 1638 1228; x_wconf 90' lang='lat' dir='ltr'>Domino</span> <span class='ocrx_word' id='word_1_208' title='bbox 1653 1197 1732 1236; x_wconf 85' lang='lat' dir='ltr'>Regi</span> <span class='ocrx_word' id='word_1_209' title='bbox 1746 1207 1842 1236; x_wconf 91' lang='lat' dir='ltr'>super</span> 
     </span>
     <span class='ocr_line' id='line_1_26' title="bbox 497 1246 1839 1285; baseline 0.001 -9"><span class='ocrx_word' id='word_1_210' title='bbox 497 1246 749 1284; x_wconf 86' lang='lat' dir='ltr'>contemptubus</span> <span class='ocrx_word' id='word_1_211' title='bbox 767 1250 800 1277; x_wconf 88' lang='lat' dir='ltr'>et</span> <span class='ocrx_word' id='word_1_212' title='bbox 820 1247 1123 1285; x_wconf 83' lang='lat' dir='ltr'>transgressionibus</span> <span class='ocrx_word' id='word_1_213' title='bbox 1142 1257 1197 1285; x_wconf 89' lang='lat' dir='ltr'>per</span> <span class='ocrx_word' id='word_1_214' title='bbox 1216 1247 1301 1285; x_wconf 89' lang='lat' dir='ltr'>ipsos</span> <span class='ocrx_word' id='word_1_215' title='bbox 1320 1247 1461 1278; x_wconf 90' lang='lat' dir='ltr'>Domino</span> <span class='ocrx_word' id='word_1_216' title='bbox 1481 1247 1560 1285; x_wconf 83' lang='lat' dir='ltr'>Regi</span> <span class='ocrx_word' id='word_1_217' title='bbox 1579 1247 1674 1278; x_wconf 84' lang='lat' dir='ltr'>factis</span> <span class='ocrx_word' id='word_1_218' title='bbox 1693 1250 1789 1285; x_wconf 89' lang='lat' dir='ltr'>prout</span> <span class='ocrx_word' id='word_1_219' title='bbox 1808 1247 1839 1277; x_wconf 92' lang='lat' dir='ltr'>in</span> 
     </span>
     <span class='ocr_line' id='line_1_27' title="bbox 497 1296 1249 1335; baseline 0.004 -10"><span class='ocrx_word' id='word_1_220' title='bbox 497 1306 645 1334; x_wconf 89' lang='lat' dir='ltr'>processu</span> <span class='ocrx_word' id='word_1_221' title='bbox 662 1296 838 1334; x_wconf 85' lang='lat' dir='ltr'>prescripto</span> <span class='ocrx_word' id='word_1_222' title='bbox 855 1297 978 1335; x_wconf 86' lang='lat' dir='ltr'>plenius</span> <span class='ocrx_word' id='word_1_223' title='bbox 995 1297 1177 1328; x_wconf 83' lang='lat' dir='ltr'>continetur</span> <span class='ocrx_word' id='word_1_224' title='bbox 1194 1298 1249 1328; x_wconf 60' lang='lat' dir='ltr'>&amp;e</span> 
     </span>
    </p>
   </div>
   <div class='ocr_carea' id='block_1_5' title="bbox 899 1428 1440 1457">
    <p class='ocr_par' dir='ltr' id='par_1_6' title="bbox 899 1428 1440 1457">
     <span class='ocr_line' id='line_1_28' title="bbox 899 1428 1440 1457; baseline 0 -1"><span class='ocrx_word' id='word_1_225' title='bbox 899 1428 1080 1457; x_wconf 84' lang='lat' dir='ltr'>COSFELD</span> <span class='ocrx_word' id='word_1_226' title='bbox 1106 1438 1128 1457; x_wconf 86' lang='lat' dir='ltr'>v.</span> <span class='ocrx_word' id='word_1_227' title='bbox 1154 1429 1328 1457; x_wconf 80' lang='lat' dir='ltr'>LEVEYS1</span> <span class='ocrx_word' id='word_1_228' title='bbox 1353 1428 1440 1457; x_wconf 87' lang='lat' dir='ltr'>ETC.</span> 
     </span>
    </p>
   </div>
   <div class='ocr_carea' id='block_1_6' title="bbox 496 1497 1843 1934">
    <p class='ocr_par' dir='ltr' id='par_1_7' title="bbox 496 1497 1843 1934">
     <span class='ocr_line' id='line_1_29' title="bbox 551 1497 1842 1537; baseline 0.001 -9"><span class='ocrx_word' id='word_1_229' title='bbox 551 1498 578 1528; x_wconf 96' lang='lat' dir='ltr'><strong>A</strong></span> <span class='ocrx_word' id='word_1_230' title='bbox 597 1501 704 1528; x_wconf 89' lang='lat' dir='ltr'>nostre</span> <span class='ocrx_word' id='word_1_231' title='bbox 723 1497 874 1536; x_wconf 83' lang='lat' dir='ltr'>Seigneur</span> <span class='ocrx_word' id='word_1_232' title='bbox 892 1498 920 1529; x_wconf 91' lang='lat' dir='ltr'>le</span> <span class='ocrx_word' id='word_1_233' title='bbox 938 1499 1011 1537; x_wconf 86' lang='lat' dir='ltr'>Roy</span> <span class='ocrx_word' id='word_1_234' title='bbox 1029 1502 1061 1529; x_wconf 91' lang='lat' dir='ltr'>et</span> <span class='ocrx_word' id='word_1_235' title='bbox 1079 1509 1136 1529; x_wconf 88' lang='lat' dir='ltr'>son</span> <span class='ocrx_word' id='word_1_236' title='bbox 1155 1499 1273 1530; x_wconf 86' lang='lat' dir='ltr'>consail</span> <span class='ocrx_word' id='word_1_237' title='bbox 1292 1502 1434 1529; x_wconf 86' lang='lat' dir='ltr'>monstre</span> <span class='ocrx_word' id='word_1_238' title='bbox 1452 1498 1612 1536; x_wconf 88' lang='lat' dir='ltr'>Godekyn</span> <span class='ocrx_word' id='word_1_239' title='bbox 1631 1498 1670 1529; x_wconf 90' lang='lat' dir='ltr'>de</span> <span class='ocrx_word' id='word_1_240' title='bbox 1688 1498 1818 1529; x_wconf 87' lang='lat' dir='ltr'>Cosfeld</span> <span class='ocrx_word' id='word_1_241' title='bbox 1831 1499 1842 1517; x_wconf 83' lang='lat'><strong>²</strong></span> 
     </span>
     <span class='ocr_line' id='line_1_30' title="bbox 496 1547 1843 1586; baseline 0.001 -8"><span class='ocrx_word' id='word_1_242' title='bbox 496 1547 535 1578; x_wconf 91' lang='lat' dir='ltr'>de</span> <span class='ocrx_word' id='word_1_243' title='bbox 549 1547 685 1578; x_wconf 86' lang='lat' dir='ltr'>Estland</span> <span class='ocrx_word' id='word_1_244' title='bbox 699 1558 738 1586; x_wconf 88' lang='lat' dir='ltr'>qe</span> <span class='ocrx_word' id='word_1_245' title='bbox 751 1547 782 1578; x_wconf 90' lang='lat' dir='ltr'>la</span> <span class='ocrx_word' id='word_1_246' title='bbox 794 1558 836 1579; x_wconf 93' lang='lat' dir='ltr'>ou</span> <span class='ocrx_word' id='word_1_247' title='bbox 849 1547 870 1578; x_wconf 92' lang='lat' dir='ltr'>il</span> <span class='ocrx_word' id='word_1_248' title='bbox 883 1548 918 1578; x_wconf 87' lang='lat' dir='ltr'>fu</span> <span class='ocrx_word' id='word_1_249' title='bbox 931 1552 1053 1579; x_wconf 87' lang='lat' dir='ltr'>venant</span> <span class='ocrx_word' id='word_1_250' title='bbox 1066 1559 1137 1580; x_wconf 82' lang='lat' dir='ltr'>vers</span> <span class='ocrx_word' id='word_1_251' title='bbox 1150 1549 1181 1580; x_wconf 86' lang='lat' dir='ltr'>la</span> <span class='ocrx_word' id='word_1_252' title='bbox 1193 1548 1276 1579; x_wconf 88' lang='lat' dir='ltr'>seint</span> <span class='ocrx_word' id='word_1_253' title='bbox 1289 1548 1400 1580; x_wconf 83' lang='lat' dir='ltr'>Botolf</span> <span class='ocrx_word' id='word_1_254' title='bbox 1411 1549 1422 1567; x_wconf 88' lang='lat'><strong>³</strong></span> <span class='ocrx_word' id='word_1_255' title='bbox 1434 1559 1474 1579; x_wconf 90' lang='lat' dir='ltr'>en</span> <span class='ocrx_word' id='word_1_256' title='bbox 1488 1548 1518 1579; x_wconf 89' lang='lat' dir='ltr'>la</span> <span class='ocrx_word' id='word_1_257' title='bbox 1531 1548 1609 1579; x_wconf 90' lang='lat' dir='ltr'>mier</span> <span class='ocrx_word' id='word_1_258' title='bbox 1622 1558 1682 1579; x_wconf 93' lang='lat' dir='ltr'>ove</span> <span class='ocrx_word' id='word_1_259' title='bbox 1695 1558 1757 1579; x_wconf 89' lang='lat' dir='ltr'>une</span> <span class='ocrx_word' id='word_1_260' title='bbox 1770 1547 1843 1579; x_wconf 87' lang='lat' dir='ltr'>neef</span> 
     </span>
     <span class='ocr_line' id='line_1_31' title="bbox 497 1597 1841 1637; baseline 0.001 -9"><span class='ocrx_word' id='word_1_261' title='bbox 497 1597 611 1636; x_wconf 81' lang='lat' dir='ltr'>charge</span> <span class='ocrx_word' id='word_1_262' title='bbox 628 1608 688 1628; x_wconf 88' lang='lat' dir='ltr'>ove</span> <span class='ocrx_word' id='word_1_263' title='bbox 705 1597 845 1628; x_wconf 85' lang='lat' dir='ltr'>diverses</span> <span class='ocrx_word' id='word_1_264' title='bbox 862 1598 952 1629; x_wconf 87' lang='lat' dir='ltr'>biens</span> <span class='ocrx_word' id='word_1_265' title='bbox 969 1602 1035 1629; x_wconf 90' lang='lat' dir='ltr'>cest</span> <span class='ocrx_word' id='word_1_266' title='bbox 1052 1609 1165 1629; x_wconf 84' lang='lat' dir='ltr'>asaver</span> <span class='ocrx_word' id='word_1_267' title='bbox 1182 1599 1260 1629; x_wconf 89' lang='lat' dir='ltr'>dure</span> <span class='ocrx_word' id='word_1_268' title='bbox 1277 1598 1416 1637; x_wconf 89' lang='lat' dir='ltr'>pesshun</span> <span class='ocrx_word' id='word_1_269' title='bbox 1434 1602 1466 1629; x_wconf 91' lang='lat' dir='ltr'>et</span> <span class='ocrx_word' id='word_1_270' title='bbox 1483 1598 1582 1629; x_wconf 91' lang='lat' dir='ltr'>borde</span> <span class='ocrx_word' id='word_1_271' title='bbox 1599 1601 1632 1629; x_wconf 90' lang='lat' dir='ltr'>et</span> <span class='ocrx_word' id='word_1_272' title='bbox 1645 1601 1754 1629; x_wconf 88' lang='lat' dir='ltr'>autres</span> <span class='ocrx_word' id='word_1_273' title='bbox 1767 1598 1841 1629; x_wconf 86' lang='lat' dir='ltr'>cha-</span> 
     </span>
     <span class='ocr_line' id='line_1_32' title="bbox 497 1647 1842 1686; baseline 0.001 -8"><span class='ocrx_word' id='word_1_274' title='bbox 497 1650 573 1678; x_wconf 83' lang='lat' dir='ltr'>teux</span> <span class='ocrx_word' id='word_1_275' title='bbox 596 1657 615 1678; x_wconf 90' lang='lat' dir='ltr'>a</span> <span class='ocrx_word' id='word_1_276' title='bbox 638 1647 669 1678; x_wconf 91' lang='lat' dir='ltr'>la</span> <span class='ocrx_word' id='word_1_277' title='bbox 691 1647 859 1678; x_wconf 85' lang='lat' dir='ltr'>valiaunce</span> <span class='ocrx_word' id='word_1_278' title='bbox 883 1647 922 1679; x_wconf 89' lang='lat' dir='ltr'>de</span> <span class='ocrx_word' id='word_1_279' title='bbox 946 1648 1024 1680; x_wconf 86' lang='lat' dir='ltr'>trois</span> <span class='ocrx_word' id='word_1_280' title='bbox 1044 1652 1135 1680; x_wconf 88' lang='lat' dir='ltr'>centz</span> <span class='ocrx_word' id='word_1_281' title='bbox 1160 1649 1254 1679; x_wconf 90' lang='lat' dir='ltr'>livers</span> <span class='ocrx_word' id='word_1_282' title='bbox 1278 1649 1309 1679; x_wconf 85' lang='lat' dir='ltr'>la</span> <span class='ocrx_word' id='word_1_283' title='bbox 1331 1648 1423 1686; x_wconf 90' lang='lat' dir='ltr'>quele</span> <span class='ocrx_word' id='word_1_284' title='bbox 1446 1648 1481 1679; x_wconf 85' lang='lat' dir='ltr'>fu</span> <span class='ocrx_word' id='word_1_285' title='bbox 1505 1647 1683 1679; x_wconf 88' lang='lat' dir='ltr'>enanckore</span> <span class='ocrx_word' id='word_1_286' title='bbox 1708 1658 1778 1686; x_wconf 87' lang='lat' dir='ltr'>pres</span> <span class='ocrx_word' id='word_1_287' title='bbox 1802 1648 1842 1679; x_wconf 85' lang='lat' dir='ltr'>de</span> 
     </span>
     <span class='ocr_line' id='line_1_33' title="bbox 496 1697 1840 1737; baseline 0.001 -10"><span class='ocrx_word' id='word_1_288' title='bbox 496 1697 636 1735; x_wconf 86' lang='lat' dir='ltr'>Skegnes</span> <span class='ocrx_word' id='word_1_289' title='bbox 651 1707 690 1727; x_wconf 92' lang='lat' dir='ltr'>en</span> <span class='ocrx_word' id='word_1_290' title='bbox 705 1697 735 1728; x_wconf 87' lang='lat' dir='ltr'>la</span> <span class='ocrx_word' id='word_1_291' title='bbox 746 1697 851 1728; x_wconf 85' lang='lat' dir='ltr'>Conte</span> <span class='ocrx_word' id='word_1_292' title='bbox 862 1697 901 1728; x_wconf 90' lang='lat' dir='ltr'>de</span> <span class='ocrx_word' id='word_1_293' title='bbox 912 1698 1024 1729; x_wconf 92' lang='lat' dir='ltr'>Nicole</span> <span class='ocrx_word' id='word_1_294' title='bbox 1034 1698 1062 1729; x_wconf 97' lang='grc'>16</span> <span class='ocrx_word' id='word_1_295' title='bbox 1073 1698 1243 1736; x_wconf 90' lang='lat' dir='ltr'>Meskirdy</span> <span class='ocrx_word' id='word_1_296' title='bbox 1257 1708 1295 1729; x_wconf 89' lang='lat' dir='ltr'>en</span> <span class='ocrx_word' id='word_1_297' title='bbox 1311 1698 1341 1728; x_wconf 83' lang='lat' dir='ltr'>la</span> <span class='ocrx_word' id='word_1_298' title='bbox 1355 1698 1516 1737; x_wconf 84' lang='lat' dir='ltr'>semaigne</span> <span class='ocrx_word' id='word_1_299' title='bbox 1531 1697 1570 1728; x_wconf 90' lang='lat' dir='ltr'>de</span> <span class='ocrx_word' id='word_1_300' title='bbox 1585 1698 1773 1728; x_wconf 74' lang='lat' dir='ltr'>Pentecost4</span> <span class='ocrx_word' id='word_1_301' title='bbox 1787 1697 1840 1728; x_wconf 90' lang='lat' dir='ltr'>lan</span> 
     </span>
     <span class='ocr_line' id='line_1_34' title="bbox 496 1747 1842 1786; baseline 0.001 -9"><span class='ocrx_word' id='word_1_302' title='bbox 496 1747 540 1777; x_wconf 91' lang='lat' dir='ltr'>du</span> <span class='ocrx_word' id='word_1_303' title='bbox 555 1757 648 1785; x_wconf 89' lang='lat' dir='ltr'>regne</span> <span class='ocrx_word' id='word_1_304' title='bbox 664 1747 692 1777; x_wconf 92' lang='lat' dir='ltr'>le</span> <span class='ocrx_word' id='word_1_305' title='bbox 707 1747 767 1778; x_wconf 88' lang='lat' dir='ltr'>Roi</span> <span class='ocrx_word' id='word_1_306' title='bbox 782 1747 920 1778; x_wconf 87' lang='lat' dir='ltr'>Edward</span> <span class='ocrx_word' id='word_1_307' title='bbox 935 1758 1011 1786; x_wconf 89' lang='lat' dir='ltr'>qore</span> <span class='ocrx_word' id='word_1_308' title='bbox 1022 1751 1071 1779; x_wconf 87' lang='lat' dir='ltr'>est</span> <span class='ocrx_word' id='word_1_309' title='bbox 1085 1758 1124 1786; x_wconf 90' lang='lat' dir='ltr'>qe</span> <span class='ocrx_word' id='word_1_310' title='bbox 1136 1748 1209 1779; x_wconf 90' lang='lat' dir='ltr'>dieu</span> <span class='ocrx_word' id='word_1_311' title='bbox 1222 1748 1300 1786; x_wconf 86' lang='lat' dir='ltr'>gard</span> <span class='ocrx_word' id='word_1_312' title='bbox 1315 1747 1475 1786; x_wconf 87' lang='lat' dir='ltr'>quinzime</span> <span class='ocrx_word' id='word_1_313' title='bbox 1486 1751 1519 1778; x_wconf 93' lang='lat' dir='ltr'>et</span> <span class='ocrx_word' id='word_1_314' title='bbox 1532 1747 1576 1778; x_wconf 92' lang='lat' dir='ltr'>les</span> <span class='ocrx_word' id='word_1_315' title='bbox 1590 1747 1744 1778; x_wconf 86' lang='lat' dir='ltr'>mariners</span> <span class='ocrx_word' id='word_1_316' title='bbox 1758 1747 1797 1778; x_wconf 89' lang='lat' dir='ltr'>de</span> <span class='ocrx_word' id='word_1_317' title='bbox 1810 1747 1842 1778; x_wconf 86' lang='lat' dir='ltr'>la</span> 
     </span>
     <span class='ocr_line' id='line_1_35' title="bbox 496 1796 1841 1835; baseline -0.001 -8"><span class='ocrx_word' id='word_1_318' title='bbox 496 1796 563 1828; x_wconf 90' lang='lat' dir='ltr'>dite</span> <span class='ocrx_word' id='word_1_319' title='bbox 581 1796 652 1827; x_wconf 83' lang='lat' dir='ltr'>neef</span> <span class='ocrx_word' id='word_1_320' title='bbox 669 1796 779 1827; x_wconf 83' lang='lat' dir='ltr'>furont</span> <span class='ocrx_word' id='word_1_321' title='bbox 796 1807 835 1828; x_wconf 87' lang='lat' dir='ltr'>en</span> <span class='ocrx_word' id='word_1_322' title='bbox 853 1797 884 1828; x_wconf 91' lang='lat' dir='ltr'>la</span> <span class='ocrx_word' id='word_1_323' title='bbox 901 1797 968 1828; x_wconf 86' lang='lat' dir='ltr'>dite</span> <span class='ocrx_word' id='word_1_324' title='bbox 985 1797 1059 1828; x_wconf 89' lang='lat' dir='ltr'>ville</span> <span class='ocrx_word' id='word_1_325' title='bbox 1076 1798 1115 1828; x_wconf 92' lang='lat' dir='ltr'>de</span> <span class='ocrx_word' id='word_1_326' title='bbox 1133 1797 1272 1835; x_wconf 83' lang='lat' dir='ltr'>Skegnes</span> <span class='ocrx_word' id='word_1_327' title='bbox 1290 1797 1329 1828; x_wconf 89' lang='lat' dir='ltr'>de</span> <span class='ocrx_word' id='word_1_328' title='bbox 1345 1797 1389 1828; x_wconf 88' lang='lat' dir='ltr'>les</span> <span class='ocrx_word' id='word_1_329' title='bbox 1404 1797 1519 1828; x_wconf 87' lang='lat' dir='ltr'>alower</span> <span class='ocrx_word' id='word_1_330' title='bbox 1536 1807 1579 1827; x_wconf 93' lang='lat' dir='ltr'>un</span> <span class='ocrx_word' id='word_1_331' title='bbox 1596 1797 1795 1827; x_wconf 90' lang='lat' dir='ltr'>loderesman</span> <span class='ocrx_word' id='word_1_332' title='bbox 1811 1796 1841 1827; x_wconf 89' lang='lat' dir='ltr'>la</span> 
     </span>
     <span class='ocr_line' id='line_1_36' title="bbox 496 1846 1840 1886; baseline 0.001 -10"><span class='ocrx_word' id='word_1_333' title='bbox 496 1846 650 1876; x_wconf 89' lang='lat' dir='ltr'>vindront</span> <span class='ocrx_word' id='word_1_334' title='bbox 669 1846 792 1877; x_wconf 86' lang='lat' dir='ltr'>Robert</span> <span class='ocrx_word' id='word_1_335' title='bbox 811 1847 960 1885; x_wconf 77' lang='lat' dir='ltr'>Leveys‚⁵</span> <span class='ocrx_word' id='word_1_336' title='bbox 978 1847 1120 1878; x_wconf 89' lang='lat' dir='ltr'>Thomas</span> <span class='ocrx_word' id='word_1_337' title='bbox 1139 1847 1311 1886; x_wconf 55' lang='lat' dir='ltr'>springetf</span> <span class='ocrx_word' id='word_1_338' title='bbox 1330 1847 1469 1877; x_wconf 89' lang='lat' dir='ltr'>William</span> <span class='ocrx_word' id='word_1_339' title='bbox 1489 1846 1601 1877; x_wconf 90' lang='lat' dir='ltr'>Punch</span> <span class='ocrx_word' id='word_1_340' title='bbox 1613 1846 1624 1864; x_wconf 98' lang='lat'>⁷</span> <span class='ocrx_word' id='word_1_341' title='bbox 1643 1849 1676 1877; x_wconf 91' lang='lat' dir='ltr'>et</span> <span class='ocrx_word' id='word_1_342' title='bbox 1695 1846 1840 1884; x_wconf 85' lang='lat' dir='ltr'>Gerveys</span> 
     </span>
     <span class='ocr_line' id='line_1_37' title="bbox 496 1895 1840 1934; baseline 0 -8"><span class='ocrx_word' id='word_1_343' title='bbox 496 1895 594 1926; x_wconf 88' lang='lat' dir='ltr'>Alard</span> <span class='ocrx_word' id='word_1_344' title='bbox 607 1896 618 1913; x_wconf 76' lang='lat'><strong>⁸</strong></span> <span class='ocrx_word' id='word_1_345' title='bbox 636 1896 796 1927; x_wconf 90' lang='lat' dir='ltr'>Mariners</span> <span class='ocrx_word' id='word_1_346' title='bbox 814 1896 853 1927; x_wconf 88' lang='lat' dir='ltr'>de</span> <span class='ocrx_word' id='word_1_347' title='bbox 872 1897 977 1928; x_wconf 86' lang='lat' dir='ltr'>Portz.</span> <span class='ocrx_word' id='word_1_348' title='bbox 1018 1897 1062 1928; x_wconf 91' lang='lat' dir='ltr'>Et</span> <span class='ocrx_word' id='word_1_349' title='bbox 1080 1897 1111 1927; x_wconf 86' lang='lat' dir='ltr'>la</span> <span class='ocrx_word' id='word_1_350' title='bbox 1129 1897 1195 1928; x_wconf 91' lang='lat' dir='ltr'>dite</span> <span class='ocrx_word' id='word_1_351' title='bbox 1214 1897 1297 1928; x_wconf 88' lang='lat' dir='ltr'>Neef</span> <span class='ocrx_word' id='word_1_352' title='bbox 1315 1907 1374 1927; x_wconf 90' lang='lat' dir='ltr'>ove</span> <span class='ocrx_word' id='word_1_353' title='bbox 1393 1900 1478 1927; x_wconf 88' lang='lat' dir='ltr'>totes</span> <span class='ocrx_word' id='word_1_354' title='bbox 1496 1896 1539 1927; x_wconf 89' lang='lat' dir='ltr'>les</span> <span class='ocrx_word' id='word_1_355' title='bbox 1558 1896 1647 1927; x_wconf 89' lang='lat' dir='ltr'>biens</span> <span class='ocrx_word' id='word_1_356' title='bbox 1666 1906 1705 1934; x_wconf 87' lang='lat' dir='ltr'>qe</span> <span class='ocrx_word' id='word_1_357' title='bbox 1723 1896 1754 1926; x_wconf 81' lang='lat' dir='ltr'>la</span> <span class='ocrx_word' id='word_1_358' title='bbox 1772 1896 1840 1927; x_wconf 91' lang='lat' dir='ltr'>einz</span> 
     </span>
    </p>
   </div>
   <div class='ocr_carea' id='block_1_7' title="bbox 495 1982 1144 2389">
    <p class='ocr_par' dir='ltr' id='par_1_8' title="bbox 495 1982 1144 2089">
     <span class='ocr_line' id='line_1_38' title="bbox 540 1982 1143 2014; baseline 0.003 -7"><span class='ocrx_word' id='word_1_359' title='bbox 540 1984 559 1998; x_wconf 74' lang='lat'>³⁴¹</span> <span class='ocrx_word' id='word_1_360' title='bbox 577 1982 637 2008; x_wconf 89' lang='lat' dir='ltr'>The</span> <span class='ocrx_word' id='word_1_361' title='bbox 654 1985 719 2008; x_wconf 83' lang='lat' dir='ltr'>next</span> <span class='ocrx_word' id='word_1_362' title='bbox 737 1982 900 2014; x_wconf 77' lang='lat' dir='ltr'>parliament</span> <span class='ocrx_word' id='word_1_363' title='bbox 914 1986 970 2009; x_wconf 89' lang='lat' dir='ltr'>met</span> <span class='ocrx_word' id='word_1_364' title='bbox 986 1986 1015 2009; x_wconf 88' lang='lat' dir='ltr'>at</span> <span class='ocrx_word' id='word_1_365' title='bbox 1031 1983 1143 2009; x_wconf 87' lang='lat' dir='ltr'>Lincoln</span> 
     </span>
     <span class='ocr_line' id='line_1_39' title="bbox 495 2020 1144 2053; baseline 0.005 -9"><span class='ocrx_word' id='word_1_366' title='bbox 495 2028 531 2045; x_wconf 89' lang='lat' dir='ltr'>on</span> <span class='ocrx_word' id='word_1_367' title='bbox 547 2021 580 2045; x_wconf 89' lang='grc'>27</span> <span class='ocrx_word' id='word_1_368' title='bbox 598 2020 729 2052; x_wconf 80' lang='lat' dir='ltr'>January,</span> <span class='ocrx_word' id='word_1_369' title='bbox 747 2021 821 2046; x_wconf 86' lang='lat'>1316.</span> <span class='ocrx_word' id='word_1_370' title='bbox 857 2021 950 2053; x_wconf 76' lang='lat' dir='ltr'>Parry,</span> <span class='ocrx_word' id='word_1_371' title='bbox 966 2021 1144 2047; x_wconf 73' lang='lat' dir='ltr'>Parliaments</span> 
     </span>
     <span class='ocr_line' id='line_1_40' title="bbox 495 2057 795 2089; baseline 0.003 -7"><span class='ocrx_word' id='word_1_372' title='bbox 495 2057 549 2083; x_wconf 78' lang='lat' dir='ltr'>and</span> <span class='ocrx_word' id='word_1_373' title='bbox 564 2058 696 2089; x_wconf 76' lang='lat' dir='ltr'>Conncils,</span> <span class='ocrx_word' id='word_1_374' title='bbox 712 2066 738 2089; x_wconf 87' lang='lat' dir='ltr'>p.</span> <span class='ocrx_word' id='word_1_375' title='bbox 753 2058 795 2083; x_wconf 83' lang='lat'>79.</span> 
     </span>
    </p>

    <p class='ocr_par' dir='ltr' id='par_1_9' title="bbox 539 2094 1000 2127">
     <span class='ocr_line' id='line_1_41' title="bbox 539 2094 1000 2127; baseline 0.004 -8"><span class='ocrx_word' id='word_1_376' title='bbox 539 2096 560 2110; x_wconf 84' lang='lat'>³⁵</span> <span class='ocrx_word' id='word_1_377' title='bbox 578 2094 633 2126; x_wconf 55' lang='lat' dir='ltr'>Sim</span> <span class='ocrx_word' id='word_1_378' title='bbox 652 2094 784 2127; x_wconf 85' lang='lat' dir='ltr'>although</span> <span class='ocrx_word' id='word_1_379' title='bbox 798 2095 885 2127; x_wconf 83' lang='lat' dir='ltr'>plural</span> <span class='ocrx_word' id='word_1_380' title='bbox 900 2095 1000 2121; x_wconf 87' lang='lat' dir='ltr'>before.</span> 
     </span>
    </p>

    <p class='ocr_par' dir='ltr' id='par_1_10' title="bbox 539 2132 793 2164">
     <span class='ocr_line' id='line_1_42' title="bbox 539 2132 793 2164; baseline 0.004 -7"><span class='ocrx_word' id='word_1_381' title='bbox 539 2133 559 2148; x_wconf 77' lang='lat'>³⁶</span> <span class='ocrx_word' id='word_1_382' title='bbox 577 2133 610 2157; x_wconf 88' lang='lat'>25</span> <span class='ocrx_word' id='word_1_383' title='bbox 623 2132 702 2164; x_wconf 81' lang='lat' dir='ltr'>June,</span> <span class='ocrx_word' id='word_1_384' title='bbox 719 2134 793 2158; x_wconf 85' lang='lat'>1315.</span> 
     </span>
    </p>

    <p class='ocr_par' dir='ltr' id='par_1_11' title="bbox 495 2169 1143 2389">
     <span class='ocr_line' id='line_1_43' title="bbox 540 2169 1143 2196; baseline 0.002 -1"><span class='ocrx_word' id='word_1_385' title='bbox 540 2170 559 2185; x_wconf 86' lang='lat'>³⁷</span> <span class='ocrx_word' id='word_1_386' title='bbox 576 2169 636 2195; x_wconf 88' lang='lat' dir='ltr'>The</span> <span class='ocrx_word' id='word_1_387' title='bbox 662 2170 771 2195; x_wconf 81' lang='lat' dir='ltr'>ancient</span> <span class='ocrx_word' id='word_1_388' title='bbox 798 2170 868 2195; x_wconf 81' lang='lat' dir='ltr'>form</span> <span class='ocrx_word' id='word_1_389' title='bbox 894 2170 922 2195; x_wconf 85' lang='lat' dir='ltr'>of</span> <span class='ocrx_word' id='word_1_390' title='bbox 946 2170 992 2196; x_wconf 84' lang='lat' dir='ltr'>the</span> <span class='ocrx_word' id='word_1_391' title='bbox 1015 2170 1143 2196; x_wconf 85' lang='lat' dir='ltr'>couneil&#39;s</span> 
     </span>
     <span class='ocr_line' id='line_1_44' title="bbox 495 2206 1141 2240; baseline 0.003 -9"><span class='ocrx_word' id='word_1_392' title='bbox 495 2206 564 2239; x_wconf 78' lang='lat' dir='ltr'>writ,</span> <span class='ocrx_word' id='word_1_393' title='bbox 584 2207 732 2234; x_wconf 79' lang='lat' dir='ltr'>continued</span> <span class='ocrx_word' id='word_1_394' title='bbox 754 2207 811 2233; x_wconf 88' lang='lat' dir='ltr'>also</span> <span class='ocrx_word' id='word_1_395' title='bbox 829 2207 857 2233; x_wconf 93' lang='lat' dir='ltr'>in</span> <span class='ocrx_word' id='word_1_396' title='bbox 874 2208 922 2234; x_wconf 86' lang='lat' dir='ltr'>the</span> <span class='ocrx_word' id='word_1_397' title='bbox 939 2208 1027 2240; x_wconf 81' lang='lat' dir='ltr'>king’s</span> <span class='ocrx_word' id='word_1_398' title='bbox 1044 2208 1141 2235; x_wconf 84' lang='lat' dir='ltr'>bench.</span> 
     </span>
     <span class='ocr_line' id='line_1_45' title="bbox 495 2244 1143 2276; baseline 0.003 -7"><span class='ocrx_word' id='word_1_399' title='bbox 495 2244 544 2270; x_wconf 84' lang='lat' dir='ltr'>See</span> <span class='ocrx_word' id='word_1_400' title='bbox 557 2244 686 2276; x_wconf 79' lang='lat' dir='ltr'>Leadam,</span> <span class='ocrx_word' id='word_1_401' title='bbox 700 2245 780 2270; x_wconf 76' lang='lat' dir='ltr'>Select</span> <span class='ocrx_word' id='word_1_402' title='bbox 793 2245 872 2274; x_wconf 81' lang='lat' dir='ltr'>Cases</span> <span class='ocrx_word' id='word_1_403' title='bbox 884 2247 912 2270; x_wconf 79' lang='lat' dir='ltr'>in</span> <span class='ocrx_word' id='word_1_404' title='bbox 923 2246 963 2271; x_wconf 72' lang='lat' dir='ltr'>the</span> <span class='ocrx_word' id='word_1_405' title='bbox 973 2246 1035 2271; x_wconf 69' lang='grc' dir='ltr'>δίαν</span> <span class='ocrx_word' id='word_1_406' title='bbox 1047 2246 1143 2271; x_wconf 82' lang='lat' dir='ltr'>Cham-</span> 
     </span>
     <span class='ocr_line' id='line_1_46' title="bbox 495 2282 1142 2314; baseline 0.003 -7"><span class='ocrx_word' id='word_1_407' title='bbox 495 2282 537 2307; x_wconf 83' lang='lat' dir='ltr'>ber</span> <span class='ocrx_word' id='word_1_408' title='bbox 551 2282 658 2312; x_wconf 86' lang='lat' dir='ltr'>(Selden</span> <span class='ocrx_word' id='word_1_409' title='bbox 671 2282 788 2314; x_wconf 78' lang='lat' dir='ltr'>Society,</span> <span class='ocrx_word' id='word_1_410' title='bbox 804 2284 891 2314; x_wconf 83' lang='lat'>1902),</span> <span class='ocrx_word' id='word_1_411' title='bbox 906 2292 931 2314; x_wconf 86' lang='lat' dir='ltr'>p.</span> <span class='ocrx_word' id='word_1_412' title='bbox 943 2283 996 2308; x_wconf 60' lang='lat' dir='ltr'>iwi.</span> <span class='ocrx_word' id='word_1_413' title='bbox 1029 2284 1061 2308; x_wconf 93' lang='lat' dir='ltr'>In</span> <span class='ocrx_word' id='word_1_414' title='bbox 1071 2283 1142 2309; x_wconf 87' lang='lat' dir='ltr'>June</span> 
     </span>
     <span class='ocr_line' id='line_1_47' title="bbox 495 2319 1141 2352; baseline 0.003 -8"><span class='ocrx_word' id='word_1_415' title='bbox 495 2319 613 2344; x_wconf 75' lang='lat' dir='ltr'>Edward</span> <span class='ocrx_word' id='word_1_416' title='bbox 627 2319 734 2345; x_wconf 83' lang='lat' dir='ltr'>himself</span> <span class='ocrx_word' id='word_1_417' title='bbox 745 2328 861 2352; x_wconf 86' lang='lat' dir='ltr'>appears</span> <span class='ocrx_word' id='word_1_418' title='bbox 875 2323 903 2345; x_wconf 84' lang='lat' dir='ltr'>to</span> <span class='ocrx_word' id='word_1_419' title='bbox 915 2321 986 2346; x_wconf 80' lang='lat' dir='ltr'>have</span> <span class='ocrx_word' id='word_1_420' title='bbox 997 2320 1065 2346; x_wconf 88' lang='lat' dir='ltr'>been</span> <span class='ocrx_word' id='word_1_421' title='bbox 1076 2320 1141 2346; x_wconf 83' lang='lat' dir='ltr'>with</span> 
     </span>
     <span class='ocr_line' id='line_1_48' title="bbox 495 2356 1142 2389; baseline 0.005 -8"><span class='ocrx_word' id='word_1_422' title='bbox 495 2356 542 2382; x_wconf 84' lang='lat' dir='ltr'>the</span> <span class='ocrx_word' id='word_1_423' title='bbox 560 2365 638 2388; x_wconf 86' lang='lat' dir='ltr'>army</span> <span class='ocrx_word' id='word_1_424' title='bbox 650 2357 678 2382; x_wconf 88' lang='lat' dir='ltr'>in</span> <span class='ocrx_word' id='word_1_425' title='bbox 694 2357 833 2389; x_wconf 83' lang='lat' dir='ltr'>Scotland,</span> <span class='ocrx_word' id='word_1_426' title='bbox 850 2358 904 2383; x_wconf 85' lang='lat' dir='ltr'>and</span> <span class='ocrx_word' id='word_1_427' title='bbox 923 2358 969 2383; x_wconf 91' lang='lat' dir='ltr'>the</span> <span class='ocrx_word' id='word_1_428' title='bbox 988 2359 1002 2370; x_wconf 77' lang='lat'>‘¹</span> <span class='ocrx_word' id='word_1_429' title='bbox 1018 2358 1142 2387; x_wconf 86' lang='lat' dir='ltr'>ubicum-</span> 
     </span>
    </p>
   </div>
   <div class='ocr_carea' id='block_1_8' title="bbox 494 2393 1142 2456">
    <p class='ocr_par' dir='ltr' id='par_1_12' title="bbox 494 2393 1142 2456">
     <span class='ocr_line' id='line_1_49' title="bbox 494 2393 1142 2456; baseline 0.003 -37"><span class='ocrx_word' id='word_1_430' title='bbox 494 2402 548 2456; x_wconf 53' lang='lat' dir='ltr'>pue</span> <span class='ocrx_word' id='word_1_431' title='bbox 560 2393 574 2405; x_wconf 75' lang='lat'>’¹</span> <span class='ocrx_word' id='word_1_432' title='bbox 588 2397 661 2420; x_wconf 88' lang='lat' dir='ltr'>must</span> <span class='ocrx_word' id='word_1_433' title='bbox 673 2394 772 2420; x_wconf 85' lang='lat' dir='ltr'>almost</span> <span class='ocrx_word' id='word_1_434' title='bbox 785 2395 947 2428; x_wconf 84' lang='lat' dir='ltr'>necessarily</span> <span class='ocrx_word' id='word_1_435' title='bbox 961 2395 1031 2421; x_wconf 88' lang='lat' dir='ltr'>have</span> <span class='ocrx_word' id='word_1_436' title='bbox 1044 2396 1113 2422; x_wconf 89' lang='lat' dir='ltr'>been</span> <span class='ocrx_word' id='word_1_437' title='bbox 1125 2404 1142 2421; x_wconf 79' lang='lat' dir='ltr'>a</span> 
     </span>
     <span class='ocr_line' id='line_1_50' title="bbox 505 2439 573 2456; baseline 0 0"><span class='ocrx_word' id='word_1_438' title='bbox 505 2439 573 2456; x_wconf 89' lang='lat' dir='ltr'>orm.</span> 
     </span>
    </p>
   </div>
   <div class='ocr_carea' id='block_1_9' title="bbox 1195 1983 1842 2462">
    <p class='ocr_par' dir='ltr' id='par_1_13' title="bbox 1241 1983 1840 2014">
     <span class='ocr_line' id='line_1_51' title="bbox 1241 1983 1840 2014; baseline 0 -6"><span class='ocrx_word' id='word_1_439' title='bbox 1241 1985 1249 2000; x_wconf 84' lang='lat'>¹</span> <span class='ocrx_word' id='word_1_440' title='bbox 1268 1984 1290 2009; x_wconf 93' lang='lat' dir='ltr'>F</span> <span class='ocrx_word' id='word_1_441' title='bbox 1291 1983 1365 2009; x_wconf 91' lang='lat' dir='ltr'>ound</span> <span class='ocrx_word' id='word_1_442' title='bbox 1380 1983 1408 2008; x_wconf 91' lang='lat' dir='ltr'>in</span> <span class='ocrx_word' id='word_1_443' title='bbox 1423 1983 1535 2008; x_wconf 67' lang='lat' dir='ltr'>Ancient</span> <span class='ocrx_word' id='word_1_444' title='bbox 1551 1983 1687 2014; x_wconf 73' lang='lat' dir='ltr'>Petitions,</span> <span class='ocrx_word' id='word_1_445' title='bbox 1703 1991 1746 2008; x_wconf 85' lang='lat' dir='ltr'>no.</span> <span class='ocrx_word' id='word_1_446' title='bbox 1763 1983 1840 2009; x_wconf 84' lang='lat'>4913.</span> 
     </span>
    </p>

    <p class='ocr_par' dir='ltr' id='par_1_14' title="bbox 1196 2019 1842 2240">
     <span class='ocr_line' id='line_1_52' title="bbox 1240 2019 1842 2051; baseline -0.002 -5"><span class='ocrx_word' id='word_1_447' title='bbox 1240 2022 1250 2037; x_wconf 78' lang='lat'><em>²</em></span> <span class='ocrx_word' id='word_1_448' title='bbox 1268 2029 1298 2046; x_wconf 92' lang='lat' dir='ltr'>or</span> <span class='ocrx_word' id='word_1_449' title='bbox 1316 2020 1444 2046; x_wconf 87' lang='lat' dir='ltr'>Gosefeld</span> <span class='ocrx_word' id='word_1_450' title='bbox 1464 2021 1511 2051; x_wconf 80' lang='lat'>&lt;?).</span> <span class='ocrx_word' id='word_1_451' title='bbox 1548 2021 1593 2046; x_wconf 93' lang='lat' dir='ltr'>No</span> <span class='ocrx_word' id='word_1_452' title='bbox 1611 2019 1689 2046; x_wconf 82' lang='lat' dir='ltr'>other</span> <span class='ocrx_word' id='word_1_453' title='bbox 1707 2020 1842 2046; x_wconf 85' lang='lat' dir='ltr'>reference</span> 
     </span>
     <span class='ocr_line' id='line_1_53' title="bbox 1197 2057 1842 2090; baseline -0.003 -6"><span class='ocrx_word' id='word_1_454' title='bbox 1197 2061 1226 2084; x_wconf 87' lang='lat' dir='ltr'>to</span> <span class='ocrx_word' id='word_1_455' title='bbox 1247 2058 1303 2084; x_wconf 88' lang='lat' dir='ltr'>him</span> <span class='ocrx_word' id='word_1_456' title='bbox 1325 2058 1375 2084; x_wconf 87' lang='lat' dir='ltr'>has</span> <span class='ocrx_word' id='word_1_457' title='bbox 1395 2058 1463 2084; x_wconf 84' lang='lat' dir='ltr'>been</span> <span class='ocrx_word' id='word_1_458' title='bbox 1485 2057 1578 2090; x_wconf 80' lang='lat' dir='ltr'>found,</span> <span class='ocrx_word' id='word_1_459' title='bbox 1601 2057 1652 2083; x_wconf 85' lang='lat' dir='ltr'>but</span> <span class='ocrx_word' id='word_1_460' title='bbox 1673 2057 1752 2083; x_wconf 89' lang='lat' dir='ltr'>other</span> <span class='ocrx_word' id='word_1_461' title='bbox 1773 2066 1842 2083; x_wconf 86' lang='lat' dir='ltr'>mer-</span> 
     </span>
     <span class='ocr_line' id='line_1_54' title="bbox 1197 2094 1841 2122; baseline -0.002 -1"><span class='ocrx_word' id='word_1_462' title='bbox 1197 2095 1294 2122; x_wconf 83' lang='lat' dir='ltr'>chants</span> <span class='ocrx_word' id='word_1_463' title='bbox 1311 2095 1338 2121; x_wconf 89' lang='lat' dir='ltr'>of</span> <span class='ocrx_word' id='word_1_464' title='bbox 1356 2095 1489 2121; x_wconf 85' lang='lat' dir='ltr'>Eastland</span> <span class='ocrx_word' id='word_1_465' title='bbox 1506 2095 1561 2121; x_wconf 84' lang='lat' dir='ltr'>and</span> <span class='ocrx_word' id='word_1_466' title='bbox 1580 2094 1687 2121; x_wconf 83' lang='lat' dir='ltr'>Prussia</span> <span class='ocrx_word' id='word_1_467' title='bbox 1705 2103 1744 2120; x_wconf 90' lang='lat' dir='ltr'>we</span> <span class='ocrx_word' id='word_1_468' title='bbox 1761 2095 1841 2121; x_wconf 87' lang='lat' dir='ltr'>know</span> 
     </span>
     <span class='ocr_line' id='line_1_55' title="bbox 1197 2132 1841 2165; baseline -0.002 -6"><span class='ocrx_word' id='word_1_469' title='bbox 1197 2142 1265 2159; x_wconf 85' lang='lat' dir='ltr'>were</span> <span class='ocrx_word' id='word_1_470' title='bbox 1283 2133 1389 2165; x_wconf 85' lang='lat' dir='ltr'>coming</span> <span class='ocrx_word' id='word_1_471' title='bbox 1408 2136 1436 2158; x_wconf 88' lang='lat' dir='ltr'>to</span> <span class='ocrx_word' id='word_1_472' title='bbox 1454 2132 1580 2165; x_wconf 81' lang='lat' dir='ltr'>England</span> <span class='ocrx_word' id='word_1_473' title='bbox 1599 2132 1685 2158; x_wconf 89' lang='lat' dir='ltr'>under</span> <span class='ocrx_word' id='word_1_474' title='bbox 1702 2132 1795 2158; x_wconf 82' lang='lat' dir='ltr'>letters</span> <span class='ocrx_word' id='word_1_475' title='bbox 1813 2132 1841 2158; x_wconf 88' lang='lat' dir='ltr'>of</span> 
     </span>
     <span class='ocr_line' id='line_1_56' title="bbox 1196 2169 1839 2202; baseline -0.002 -6"><span class='ocrx_word' id='word_1_476' title='bbox 1196 2171 1349 2202; x_wconf 85' lang='lat' dir='ltr'>protection</span> <span class='ocrx_word' id='word_1_477' title='bbox 1376 2170 1431 2196; x_wconf 89' lang='lat' dir='ltr'>and</span> <span class='ocrx_word' id='word_1_478' title='bbox 1458 2170 1515 2196; x_wconf 81' lang='lat' dir='ltr'>safe</span> <span class='ocrx_word' id='word_1_479' title='bbox 1542 2169 1668 2195; x_wconf 87' lang='lat' dir='ltr'>conduct.</span> <span class='ocrx_word' id='word_1_480' title='bbox 1714 2169 1771 2196; x_wconf 79' lang='lat' dir='ltr'>Cal.</span> <span class='ocrx_word' id='word_1_481' title='bbox 1800 2169 1839 2196; x_wconf 82' lang='lat' dir='ltr'>CI.</span> 
     </span>
     <span class='ocr_line' id='line_1_57' title="bbox 1196 2207 1726 2240; baseline -0.004 -6"><span class='ocrx_word' id='word_1_482' title='bbox 1196 2209 1275 2240; x_wconf 75' lang='lat' dir='ltr'>Rolls,</span> <span class='ocrx_word' id='word_1_483' title='bbox 1293 2210 1324 2234; x_wconf 87' lang='grc'>16</span> <span class='ocrx_word' id='word_1_484' title='bbox 1338 2208 1389 2234; x_wconf 88' lang='lat' dir='ltr'>Ed.</span> <span class='ocrx_word' id='word_1_485' title='bbox 1404 2208 1441 2240; x_wconf 85' lang='lat'>11,</span> <span class='ocrx_word' id='word_1_486' title='bbox 1457 2209 1515 2239; x_wconf 87' lang='lat'>266,</span> <span class='ocrx_word' id='word_1_487' title='bbox 1530 2208 1589 2239; x_wconf 84' lang='lat'>293,</span> <span class='ocrx_word' id='word_1_488' title='bbox 1604 2208 1662 2239; x_wconf 91' lang='lat'>360,</span> <span class='ocrx_word' id='word_1_489' title='bbox 1679 2207 1726 2232; x_wconf 73' lang='grc'><strong>(116.</strong></span> 
     </span>
    </p>

    <p class='ocr_par' dir='ltr' id='par_1_15' title="bbox 1195 2244 1840 2352">
     <span class='ocr_line' id='line_1_58' title="bbox 1240 2244 1840 2277; baseline -0.003 -6"><span class='ocrx_word' id='word_1_490' title='bbox 1240 2247 1249 2262; x_wconf 82' lang='lat'>³</span> <span class='ocrx_word' id='word_1_491' title='bbox 1268 2246 1380 2277; x_wconf 84' lang='lat' dir='ltr'>Boston,</span> <span class='ocrx_word' id='word_1_492' title='bbox 1405 2245 1452 2271; x_wconf 89' lang='lat' dir='ltr'>the</span> <span class='ocrx_word' id='word_1_493' title='bbox 1475 2244 1607 2277; x_wconf 84' lang='lat' dir='ltr'>principal</span> <span class='ocrx_word' id='word_1_494' title='bbox 1630 2247 1693 2277; x_wconf 90' lang='lat' dir='ltr'>port</span> <span class='ocrx_word' id='word_1_495' title='bbox 1716 2244 1743 2269; x_wconf 93' lang='lat' dir='ltr'>in</span> <span class='ocrx_word' id='word_1_496' title='bbox 1767 2244 1840 2276; x_wconf 86' lang='lat' dir='ltr'>Eng-</span> 
     </span>
     <span class='ocr_line' id='line_1_59' title="bbox 1195 2281 1840 2309; baseline 0 -1"><span class='ocrx_word' id='word_1_497' title='bbox 1195 2283 1259 2309; x_wconf 88' lang='lat' dir='ltr'>land</span> <span class='ocrx_word' id='word_1_498' title='bbox 1279 2283 1320 2308; x_wconf 82' lang='lat' dir='ltr'>for</span> <span class='ocrx_word' id='word_1_499' title='bbox 1340 2282 1387 2309; x_wconf 84' lang='lat' dir='ltr'>the</span> <span class='ocrx_word' id='word_1_500' title='bbox 1406 2282 1540 2308; x_wconf 83' lang='lat' dir='ltr'>Eastland</span> <span class='ocrx_word' id='word_1_501' title='bbox 1560 2282 1638 2308; x_wconf 84' lang='lat' dir='ltr'>trade</span> <span class='ocrx_word' id='word_1_502' title='bbox 1656 2281 1744 2307; x_wconf 88' lang='lat' dir='ltr'>which</span> <span class='ocrx_word' id='word_1_503' title='bbox 1764 2290 1840 2308; x_wconf 85' lang='lat' dir='ltr'>came</span> 
     </span>
     <span class='ocr_line' id='line_1_60' title="bbox 1195 2319 1782 2352; baseline -0.003 -6"><span class='ocrx_word' id='word_1_504' title='bbox 1195 2320 1265 2346; x_wconf 86' lang='lat' dir='ltr'>from</span> <span class='ocrx_word' id='word_1_505' title='bbox 1279 2320 1398 2351; x_wconf 74' lang='lat' dir='ltr'>Liibeck,</span> <span class='ocrx_word' id='word_1_506' title='bbox 1414 2320 1550 2352; x_wconf 80' lang='lat' dir='ltr'>Kampen,</span> <span class='ocrx_word' id='word_1_507' title='bbox 1566 2319 1717 2351; x_wconf 82' lang='lat' dir='ltr'>Hamburg,</span> <span class='ocrx_word' id='word_1_508' title='bbox 1733 2319 1782 2344; x_wconf 66' lang='lat' dir='ltr'>dxc.</span> 
     </span>
    </p>

    <p class='ocr_par' dir='ltr' id='par_1_16' title="bbox 1239 2358 1466 2390">
     <span class='ocr_line' id='line_1_61' title="bbox 1239 2358 1466 2390; baseline -0.009 -6"><span class='ocrx_word' id='word_1_509' title='bbox 1239 2360 1249 2374; x_wconf 82' lang='lat'>⁴¹</span> <span class='ocrx_word' id='word_1_510' title='bbox 1266 2359 1282 2383; x_wconf 93' lang='lat'>2</span> <span class='ocrx_word' id='word_1_511' title='bbox 1296 2358 1374 2390; x_wconf 91' lang='lat' dir='ltr'>June,</span> <span class='ocrx_word' id='word_1_512' title='bbox 1391 2358 1466 2383; x_wconf 88' lang='lat'>1322.</span> 
     </span>
    </p>

    <p class='ocr_par' dir='ltr' id='par_1_17' title="bbox 1196 2391 1840 2462">
     <span class='ocr_line' id='line_1_62' title="bbox 1241 2391 1840 2425; baseline -0.005 -4"><span class='ocrx_word' id='word_1_513' title='bbox 1241 2397 1251 2411; x_wconf 79' lang='lat'><strong>⁶</strong></span> <span class='ocrx_word' id='word_1_514' title='bbox 1270 2394 1431 2421; x_wconf 86' lang='lat' dir='ltr'>Mentioned</span> <span class='ocrx_word' id='word_1_515' title='bbox 1469 2402 1499 2420; x_wconf 84' lang='lat' dir='ltr'>as</span> <span class='ocrx_word' id='word_1_516' title='bbox 1536 2393 1641 2419; x_wconf 83' lang='lat' dir='ltr'>Robert</span> <span class='ocrx_word' id='word_1_517' title='bbox 1678 2393 1774 2425; x_wconf 84' lang='lat' dir='ltr'>Lewys</span> <span class='ocrx_word' id='word_1_518' title='bbox 1811 2391 1840 2418; x_wconf 84' lang='lat' dir='ltr'>of</span> 
     </span>
     <span class='ocr_line' id='line_1_63' title="bbox 1196 2430 1772 2462; baseline -0.005 -3"><span class='ocrx_word' id='word_1_519' title='bbox 1196 2432 1363 2459; x_wconf 89' lang='lat' dir='ltr'>Greenwich.</span> <span class='ocrx_word' id='word_1_520' title='bbox 1401 2432 1457 2458; x_wconf 86' lang='lat' dir='ltr'>Cal.</span> <span class='ocrx_word' id='word_1_521' title='bbox 1473 2432 1531 2457; x_wconf 78' lang='lat' dir='ltr'>Pac.</span> <span class='ocrx_word' id='word_1_522' title='bbox 1548 2432 1580 2457; x_wconf 89' lang='lat'>15</span> <span class='ocrx_word' id='word_1_523' title='bbox 1592 2430 1645 2457; x_wconf 93' lang='lat' dir='ltr'>Ed.</span> <span class='ocrx_word' id='word_1_524' title='bbox 1659 2430 1697 2462; x_wconf 90' lang='lat'>11,</span> <span class='ocrx_word' id='word_1_525' title='bbox 1714 2432 1772 2457; x_wconf 90' lang='lat'>160.</span> 
     </span>
    </p>
   </div>
  </div>
 </body>
</html>
