2112 2901
737 160 945 186 APPENDIX
972 161 986 186 1
1463 152 1532 187 125

187 239 276 268 semel
291 239 321 268 in
337 240 361 268 F
362 240 475 269 landria
491 240 565 269 mira
580 243 625 269 est
640 239 764 269 audacia
779 239 904 269 hominis
919 239 949 268 in
965 239 1140 269 cumulando
1157 243 1203 269 tot
1219 240 1355 276 pudenda
1371 240 1531 269 mendacia.

188 285 266 314 Nam
289 289 434 321 quantum
451 285 489 315 ad
511 285 646 321 Angliam
664 286 772 314 attinet
788 295 939 321 nunquam
956 285 996 314 ibi
1018 290 1187 321 prosecutus
1204 289 1248 314 est
1265 295 1382 315 causam
1399 285 1486 315 istam
1503 286 1532 315 in

188 330 286 366 aliqua
303 331 458 360 Curiarum
476 331 596 360 Domini
613 331 700 367 Regis
717 340 770 359 nec
787 331 876 360 etiam
893 331 922 359 in
939 341 1074 366 suprema
1092 331 1181 360 Curia
1198 331 1386 360 Parliamenti
1403 331 1532 360 eiusdem

187 375 267 412 regni
281 376 319 405 ad
333 386 422 412 quam
438 386 488 412 per
502 376 576 405 duos
590 386 682 406 annos
697 376 850 405 continuos
865 376 940 405 infra
954 376 1060 405 limites
1075 376 1232 405 sanctuarii
1247 377 1297 406 ubi
1312 377 1372 412 ipse
1387 377 1533 406 tutissime

187 421 333 451 residebat
350 425 464 451 tentam
481 426 511 451 et
534 422 710 451 celebratam
727 422 849 451 liberum
867 431 1015 451 accessum
1032 422 1124 451 indies
1142 422 1248 451 habere
1271 422 1369 458 potuit
1386 426 1416 451 et
1433 432 1534 458 quere—

188 467 316 496 moniam
334 477 417 497 suam
435 467 543 496 ibidem
561 467 705 497 discutere
723 467 747 496 si
765 467 912 496 voluisset.
951 468 1058 496 Verum
1076 468 1160 503 longe
1178 467 1232 496 sibi
1250 468 1307 496 alia
1325 478 1407 497 mens
1425 468 1481 497 fuit
1499 472 1533 497 vt

188 512 309 542 subdole
326 513 487 542 Dominum
503 513 612 548 Regem
633 523 683 548 per
703 513 925 542 informaciones
942 513 1104 548 aliquorum
1124 513 1173 548 qui
1189 523 1242 542 suo
1258 513 1342 542 lateri
1357 513 1533 543 assistebant

189 558 411 588 circumueniret
427 558 625 595 pretendendo
640 558 707 587 licet
722 568 839 587 erronee
853 558 933 594 quod
948 558 1058 587 virtute
1072 558 1187 587 articuli
1202 558 1378 587 intercursus
1393 569 1534 588 memora-

189 607 237 633 tur
256 613 343 639 quem
363 604 401 633 ad
421 613 520 633 casum
539 603 766 639 inpertinentem
785 606 820 632 vt
839 604 983 639 prefertur
1001 603 1178 632 extendebat
1196 604 1331 632 officiales
1351 604 1442 633 Ducis
1461 605 1534 633 Bur-

188 649 295 685 gundie
309 649 427 678 fuerant
441 649 625 678 immediater
640 649 749 678 iudices
764 652 963 684 competentes
978 658 1029 678 sue
1044 658 1129 678 cause
1144 649 1173 677 in
1189 659 1313 684 quorum
1328 649 1443 678 defectu
1459 650 1534 679 sicut

188 694 311 724 asseruit
323 695 425 724 eadem
437 704 524 723 causa
536 695 633 723 fuerat
645 704 695 730 per
705 704 789 723 suam
801 694 1030 730 appellacionem
1042 694 1079 723 ad
1092 695 1201 723 curiam
1214 694 1402 723 Parliamenti
1414 695 1534 724 Francie

188 740 329 776 legittime
352 740 492 769 deuoluta
514 740 657 775 suggessit
679 740 767 775 igitur
790 739 918 768 Domino
942 739 1014 775 Regi
1036 739 1140 775 Anglie
1163 749 1280 769 causam
1303 750 1386 769 suam
1410 744 1481 769 tunc
1504 741 1534 769 in

188 785 310 815 Francia
322 785 455 821 pendere,
468 785 548 821 quod
560 795 661 814 verum
673 795 732 814 non
744 788 807 813 erat
818 785 887 820 quia
899 785 999 813 multis
1010 788 1098 814 antea
1110 785 1265 813 transactis
1277 785 1360 814 annis
1372 785 1435 821 ipsa
1447 795 1534 815 causa

187 831 306 861 remissa
316 831 374 860 fuit
384 841 402 860 a
412 831 610 860 Parliamento
621 830 741 860 Francie
752 831 790 860 ad
802 830 963 859 Dominum
974 831 1083 866 Regem
1094 830 1197 866 Anglie
1208 834 1351 866 tanquam
1362 831 1399 860 ad
1410 831 1534 860 iudicem

188 876 337 913 proprium
348 880 378 906 et
388 876 567 906 ordinarium
579 876 660 905 cuius
671 876 711 905 rei
721 876 745 905 si
756 879 881 912 protunc
892 876 1038 905 Dominus
1049 876 1111 904 Rex
1121 886 1232 905 mernor
1243 877 1386 905 extitisset
1397 876 1535 912 denegas·

187 926 233 952 set
247 923 377 959 profecto
392 923 505 951 litteras
519 922 597 959 ipsas
618 922 735 951 licencie
749 922 818 951 alibi
837 921 1030 958 prosequendi
1050 931 1123 957 quas
1141 922 1272 958 prefatus
1287 922 1430 951 Ricardus
1444 922 1535 951 tantis

189 968 309 998 cautelis
326 972 447 1004 tamque
463 967 632 1004 surrepticie
649 978 666 997 a
682 977 736 996 sua
752 968 906 996 maiestate
923 967 1052 996 extorsit.
1090 967 1185 1002 Quam
1202 967 1240 996 ob
1257 977 1317 996 rem
1335 967 1451 997 detecta
1469 978 1536 997 con·

188 1017 343 1050 sequenter
363 1013 547 1049 surrepcione
568 1013 710 1042 eiusmodi
731 1013 813 1042 licuit
834 1012 962 1042 Domino
984 1013 1057 1049 Regi
1077 1013 1188 1048 absque
1209 1017 1281 1042 nota
1301 1023 1352 1043 seu
1373 1014 1536 1049 suspicione

188 1059 396 1089 mutabilitatis
416 1063 469 1089 aut
487 1059 686 1088 inconstancie
706 1059 860 1088 cuiuslibet
880 1059 949 1088 dare
968 1062 1058 1094 atque
1078 1059 1211 1094 expedire
1231 1059 1344 1088 litteras
1363 1060 1535 1095 posteriores

188 1105 410 1142 procedencium
429 1105 624 1134 reuocatorias
642 1105 718 1134 sicut
736 1104 838 1134 eodem
856 1104 943 1133 modo
962 1107 1050 1140 prout
1067 1104 1141 1133 sacri
1160 1114 1284 1134 canones
1303 1108 1451 1134 testantur
1468 1105 1536 1135 licet

189 1151 299 1180 Christi
311 1151 426 1180 Vicario
440 1150 619 1180 sentenciam
634 1151 767 1179 Romane
781 1150 862 1179 Sedis
876 1159 960 1186 posse
973 1150 1003 1178 in
1017 1150 1119 1179 melius
1133 1154 1314 1179 commutare
1328 1160 1394 1179 cum
1409 1154 1461 1180 aut
1475 1160 1537 1180 sur-

188 1200 305 1232 reptum
318 1196 429 1232 aliquid
442 1196 531 1225 fuerit
544 1199 597 1225 aut
610 1206 662 1232 pro
677 1196 909 1225 consideracione
922 1199 1036 1225 etatum
1050 1199 1216 1232 temporum
1229 1206 1279 1225 seu
1293 1196 1426 1232 grauium
1441 1206 1537 1226 neces-

188 1242 311 1271 sitatum
328 1242 416 1271 Sedes
433 1242 497 1278 ipsa
514 1241 736 1277 diapensacione
754 1241 912 1277 quicquam
929 1241 1117 1271 ordinauerit.
1154 1242 1195 1270 Et
1212 1241 1300 1278 igitur
1317 1242 1388 1271 dicit
1406 1243 1537 1278 prefatus

188 1287 332 1317 Ricardus
345 1297 464 1317 causam
477 1287 556 1316 illam
570 1297 629 1317 non
643 1287 768 1323 pendere
780 1290 826 1316 set
839 1297 900 1316 esse
913 1287 1040 1316 decisam
1054 1297 1105 1323 per
1117 1287 1227 1316 dictam
1242 1291 1407 1324 pretensam
1421 1292 1537 1318 senten-

189 1333 263 1362 ciam
279 1333 501 1363 declaratoriam
516 1333 622 1362 falsum
638 1343 699 1362 esse
715 1333 898 1362 conuincitur
913 1333 1052 1368 quoniam
1067 1333 1131 1368 ipsa,
1146 1333 1294 1362 sentencia
1310 1343 1376 1362 cum
1392 1337 1456 1363 toto
1472 1343 1537 1370 pro-

189 1388 270 1408 cessu
285 1379 387 1408 exinde
402 1382 502 1408 secuto
518 1388 569 1414 per
584 1379 694 1408 bullam
709 1378 876 1408 Sancissimi
891 1378 1012 1407 Domini
1027 1378 1119 1407 nostri
1134 1378 1170 1407 de
1185 1378 1256 1407 data
1272 1379 1403 1414 predicta
1418 1382 1538 1415 propter

188 1425 277 1454 falsas
293 1424 492 1461 suggestiones
507 1434 557 1460 per
571 1424 683 1454 dictum
698 1424 858 1453 Ricardum
872 1434 924 1453 sue
937 1424 1089 1453 sanctitati
1104 1424 1184 1461 prius
1198 1428 1232 1453 vt
1247 1425 1429 1460 premittitur
1442 1425 1537 1454 factas

189 1480 223 1500 ex
232 1481 285 1500 suo
295 1481 374 1500 mero
386 1474 469 1499 motu
479 1474 509 1499 et
520 1474 599 1499 certa
609 1469 730 1499 scientia
740 1473 878 1499 reuocata
888 1473 932 1499 est
943 1479 1088 1505 causaque
1098 1470 1192 1499 omnis
1203 1470 1330 1506 reposita
1340 1470 1370 1499 in
1382 1471 1537 1507 pristinum

189 1520 310 1546 statum.
340 1516 473 1545 Secundo
487 1519 517 1545 et
531 1516 658 1545 multum
673 1515 865 1552 peremptorie
879 1516 955 1545 sicut
968 1515 1024 1544 sibi
1035 1515 1153 1544 videtur
1168 1516 1299 1552 prefatus
1313 1516 1456 1545 Ricardus
1469 1517 1537 1546 sub-

188 1562 277 1592 infert
295 1562 374 1598 quod
396 1562 576 1591 Mercatores
595 1561 716 1597 Stapule
730 1565 763 1590 vt
784 1562 888 1590 saltem
902 1561 1041 1590 ficticium
1059 1565 1089 1590 et
1103 1561 1234 1590 velatum
1253 1562 1377 1590 colorem
1395 1562 1537 1591 haberent

189 1608 244 1637 sibi
258 1618 316 1637 non
329 1607 525 1637 satisfaciendi
540 1607 649 1636 famam
665 1617 777 1636 currere
790 1607 922 1636 fecerunt
936 1607 1097 1636 Dominum
1112 1608 1221 1643 Regem
1235 1607 1338 1643 Anglie
1357 1607 1427 1637 dum
1441 1608 1538 1637 adhuc

189 1653 295 1683 Comes
316 1653 448 1683 Marchie
468 1653 603 1682 existeret
622 1653 718 1689 ipsum
739 1653 822 1681 bonis
841 1653 900 1681 suis
920 1653 949 1681 in
969 1653 1048 1682 dicto
1068 1653 1176 1689 oppido
1196 1652 1309 1682 Calesie
1329 1654 1466 1689 spoliasse
1486 1663 1536 1683 seu

189 1699 306 1736 spoliari
318 1699 427 1734 fecisse,
440 1699 478 1728 ob
490 1709 580 1734 quam
592 1708 711 1727 causam
722 1698 799 1727 idem
812 1698 958 1728 Dominus
970 1699 1032 1727 Rex
1044 1701 1078 1727 vt
1090 1698 1126 1727 de
1138 1708 1191 1727 sua
1202 1698 1373 1728 innocencia
1385 1708 1471 1735 super
1482 1699 1537 1728 hiis

190 1745 346 1774 clarissime
366 1748 500 1774 constare
514 1748 621 1781 posset,
642 1754 693 1780 per
711 1754 778 1773 suas
798 1744 910 1773 litteras
930 1747 1065 1780 patentes
1079 1754 1185 1780 magno
1205 1748 1235 1773 et
1254 1744 1371 1780 priuato
1390 1745 1488 1781 sigillis
1507 1748 1537 1774 et

189 1791 270 1827 signo
289 1791 419 1820 manuali
437 1794 470 1819 vt
488 1790 628 1826 supponit
647 1790 776 1819 munitas
794 1790 944 1819 licenciam
962 1790 1017 1818 sibi
1036 1790 1177 1819 concessit
1196 1791 1275 1825 quod
1294 1791 1440 1826 predictos
1459 1791 1538 1820 Mer-

190 1840 302 1866 catores
324 1840 406 1866 extra
429 1836 542 1865 dictum
564 1846 685 1872 regnum
708 1845 794 1865 suum
817 1835 920 1871 Anglie
943 1835 973 1864 in
997 1836 1196 1864 Parliamento
1220 1836 1374 1865 Parisiensi
1397 1837 1434 1865 ad
1459 1837 1537 1872 quod

189 1886 332 1918 tanquam
354 1882 391 1911 ad
413 1882 581 1911 Comitatus
602 1882 625 1910 F
627 1881 737 1910 landrie
758 1881 959 1910 immediatam
981 1891 1149 1917 supremam
1170 1881 1316 1910 iusticiam
1338 1892 1389 1918 per
1410 1883 1539 1918 appella-

192 1928 303 1958 cionem
320 1928 396 1957 sicut
413 1927 560 1964 pretendit
577 1927 715 1956 deuoluta
732 1927 829 1956 fuerat
841 1930 872 1956 et
884 1927 953 1956 alibi
971 1937 1068 1956 coram
1085 1927 1230 1956 iudicibus
1249 1928 1432 1957 neutralibus
1449 1931 1478 1957 et
1495 1928 1538 1957 in-

190 1974 379 2003 diferentibus
391 1973 466 2003 sicut
479 1973 589 2002 bonum
600 1973 655 2002 sibi
666 1972 814 2002 videretur
826 1973 961 2009 prosequi
975 1976 1081 2009 posset,
1093 1973 1122 2001 in
1134 1982 1192 2008 quo
1205 1973 1295 2002 etiarn
1307 1974 1429 2002 articulo
1442 1974 1538 2003 dictus

190 2019 333 2048 Ricardus
339 2019 474 2048 innititur
483 2019 520 2048 ad
530 2019 649 2055 longum
658 2028 744 2054 super
750 2018 902 2047 fundanda
908 2018 1108 2048 iurisdiccione
1116 2018 1207 2047 Ducis
1217 2019 1385 2055 Burgundie
1396 2023 1538 2055 tanquam

191 2065 315 2094 Comitis
336 2064 472 2094 Flandrie
493 2064 763 2099 Officiariorumque
784 2067 814 2093 et
841 2067 968 2099 quatuor
988 2064 1186 2093 membrorum
1208 2064 1377 2094 Comitatus
1404 2065 1538 2094 Flandrie

190 2111 228 2140 ad
250 2110 464 2147 cognoscendas
478 2113 508 2139 et
526 2109 701 2138 decidendas
721 2109 888 2145 questiones
901 2112 997 2138 motas
1015 2109 1077 2138 siue
1091 2110 1250 2138 mouendas
1263 2120 1350 2146 super
1364 2111 1538 2146 spoliacione

190 2156 357 2186 huiusmodi
370 2157 504 2185 lanarum
518 2158 548 2184 et
561 2154 790 2184 mercanciarum
804 2155 842 2184 ab
856 2154 943 2190 opido
958 2154 1070 2183 Calesie
1083 2155 1134 2184 vbi
1148 2155 1285 2191 spoliacio
1300 2156 1379 2185 facta
1393 2156 1450 2185 fuit
1462 2156 1539 2185 sicut

191 2203 263 2232 dicit
273 2202 310 2232 ad
321 2202 446 2232 eundem
457 2201 641 2231 Comitatum
652 2200 787 2230 Flandrie
798 2203 1065 2237 transportatarum
1076 2204 1106 2230 et
1117 2201 1225 2230 ibidem
1236 2201 1429 2230 alienatarum
1440 2202 1538 2231 dicens

191 2248 270 2284 quod
285 2257 335 2284 per
349 2248 442 2283 Reges
456 2247 559 2283 Anglie
573 2256 607 2275 ex
620 2256 680 2276 vna
693 2249 724 2275 et
738 2256 788 2282 per
803 2247 900 2276 Duces
915 2246 1083 2282 Burgundie
1098 2250 1241 2282 tanquam
1256 2247 1389 2276 Comites
1403 2248 1426 2276 F
1427 2248 1538 2277 landrie

191 2304 226 2324 ex
241 2295 333 2324 altera
349 2294 482 2330 partibus
497 2293 573 2329 leges
589 2296 620 2322 et
635 2295 751 2322 statuta
763 2292 940 2321 intercursus
956 2292 1185 2322 mercanciarum
1202 2293 1301 2322 taliter
1317 2293 1452 2323 ordinata
1468 2296 1538 2323 sunt

191 2343 221 2370 et
235 2340 385 2376 hucusque
401 2348 452 2375 per
465 2348 514 2368 eos
528 2338 698 2368 inconcusse
712 2337 869 2367 obseruata
883 2337 963 2373 quod
977 2337 1144 2367 huiusmodi
1159 2338 1342 2374 spoliacionis
1357 2339 1485 2375 cognicio
1499 2339 1538 2368 ad

191 2387 284 2422 legem
300 2385 372 2415 dicti
389 2384 504 2414 comitis
520 2383 679 2420 pertineret
694 2383 844 2419 subiungit
860 2386 991 2419 preterea
1007 2383 1168 2413 Dominum
1185 2384 1294 2420 Regem
1310 2384 1411 2414 fecisse
1425 2385 1538 2415 dictum
