2112 2901
504 162 550 197 31
787 173 907 198 CASES
934 172 1094 198 BEFORE
1121 173 1200 198 THE
1228 173 1366 199 KING’S
1393 173 1569 199 COUNCIL

503 251 591 289 quod
620 251 763 289 predicta
790 251 964 282 Comitissa
995 251 1097 282 citata
1127 251 1189 282 fuit
1214 252 1319 282 Immo
1348 252 1576 283 tantummodo
1603 253 1786 284 continetur
1812 253 1845 284 in

503 300 615 331 eodem
634 301 854 332 Instrumento
867 301 953 339 quod
969 301 1108 339 quedam
1125 301 1305 332 notificacio
1321 301 1423 332 eidem
1440 301 1611 333 Comitisse
1627 302 1715 333 facta
1729 303 1792 334 fuit
1805 303 1845 335 de

503 350 645 388 quadam
660 350 814 381 citacione
827 350 886 381 sibi
902 350 977 381 alibi
992 361 1090 389 quam
1106 351 1138 381 in
1156 350 1283 382 Palacio
1298 351 1442 389 predicto
1457 351 1545 382 facta
1557 355 1589 382 et
1603 362 1658 390 per
1670 352 1844 390 quemdam

505 400 671 430 Decanum
692 400 724 430 in
745 400 872 431 Diocesi
892 400 1100 438 Norwycensi
1119 400 1248 431 videtur
1266 400 1326 431 sibi
1346 401 1432 439 quod
1453 401 1578 432 racione
1597 401 1680 432 illius
1699 402 1844 433 notifica-

503 449 602 480 cionis
618 460 680 487 quc
696 460 760 480 non
778 450 839 481 fuit
856 450 969 481 citacio
986 460 1058 481 cum
1076 450 1142 488 ipse
1159 460 1214 488 per
1230 450 1401 481 citaciones
1418 451 1607 482 testificatas
1623 461 1679 489 per
1695 451 1843 483 Decanos

501 503 535 529 et
556 499 718 530 ministros
739 510 812 530 suos
833 500 865 530 in
886 500 1014 538 negotio
1035 500 1178 538 predicto
1200 500 1352 538 processit
1373 504 1405 531 et
1426 510 1608 538 processum
1629 501 1705 532 fecit
1725 504 1758 532 et
1778 512 1842 532 non

502 548 624 579 virtute
649 549 879 580 notificacionis
902 549 1044 588 predicte
1069 550 1128 580 sibi
1139 551 1160 567 ³³
1183 550 1268 581 facte
1293 550 1379 588 quod
1405 550 1437 580 in
1462 550 1549 581 nullo
1570 549 1710 589 deliquid
1731 554 1843 582 contra

501 599 668 629 dominum
683 600 802 638 Regem
817 603 874 630 aut
890 599 987 630 alium
1003 599 1057 630 &c
1098 599 1266 638 Quesitum
1280 603 1329 630 est
1341 599 1470 638 insuper
1483 600 1524 631 ab
1540 600 1651 631 eodem
1666 600 1800 631 Officiali
1816 601 1842 632 si

501 652 675 687 postquam
696 659 752 687 per
772 649 933 688 prefatmn
954 649 1223 680 Archidiaconum
1248 650 1442 688 superiorem
1467 660 1560 681 suum
1584 650 1644 681 sibi
1668 650 1841 681 inhibitum

501 698 563 729 fuit
586 709 625 729 ne
647 699 679 729 in
702 699 832 737 negocio
855 699 998 738 predicto
1020 699 1153 730 vlterius
1177 700 1370 738 procederet.
1417 700 1461 731 Et
1483 704 1656 738 postquam
1679 700 1841 738 predictus

500 748 679 787 Episcopus
700 749 826 787 prefato
841 749 1075 780 Archidiacono
1096 749 1135 780 de
1155 749 1311 780 mandato
1332 749 1464 780 Domini
1486 749 1581 788 Regis
1603 748 1746 788 predicto
1768 760 1842 781 con-

498 802 585 829 stare
600 798 677 830 fecit
692 799 717 829 si
737 799 770 829 in
791 799 922 836 negocio
943 799 1087 837 predicto
1102 799 1235 830 vlterius
1256 799 1409 837 processit
1424 799 1502 830 dicit
1517 799 1604 838 quod
1625 799 1668 830 sic
1685 800 1728 830 Et
1744 803 1840 838 prout

498 849 540 879 ad
559 849 699 879 officium
718 859 812 879 suum
831 849 986 887 pertinuit
1001 853 1039 880 ut
1053 849 1113 879 sibi
1128 849 1300 880 videbatur
1316 849 1402 888 quod
1421 849 1501 880 bene
1517 853 1549 880 et
1567 849 1652 880 licite
1671 850 1841 888 procedere

500 898 616 936 potuit,
635 898 689 929 (irc.

554 949 597 979 Et
611 949 687 987 quia
700 949 903 987 responsione
917 952 949 980 et
963 949 1144 979 racionibus
1157 948 1323 987 prescripti
1337 948 1479 980 officialis
1493 948 1612 979 auditis
1625 952 1657 979 et
1670 949 1841 980 intellectis

497 997 706 1037 inspectoque
727 1002 759 1029 et
780 998 964 1030 examinato
985 1008 1134 1037 processu
1154 998 1274 1036 negotii
1295 998 1430 1037 predicti
1456 1009 1563 1029 coram
1584 998 1653 1036 ipso
1674 998 1786 1030 habito
1807 1002 1840 1030 et

498 1058 553 1085 per
577 1048 739 1086 prefatum
763 1048 959 1087 Episcopum
989 1047 1119 1080 domino
1148 1048 1227 1087 Regi
1251 1048 1348 1079 misso
1372 1051 1404 1079 et
1427 1058 1523 1086 quem
1548 1058 1730 1087 processum
1754 1049 1840 1079 idem

496 1098 648 1129 Officialis
669 1098 809 1129 advocat
829 1109 896 1129 esse
916 1099 1040 1129 factum
1060 1109 1154 1129 suum
1176 1098 1358 1129 continetur
1378 1098 1410 1128 in
1431 1098 1543 1129 eodem
1564 1098 1713 1129 videlicet
1733 1098 1765 1128 in
1787 1099 1840 1129 In-

495 1151 677 1179 strumento
697 1148 824 1186 publico
846 1148 877 1178 in
898 1149 1010 1179 eodem
1031 1158 1180 1187 processu
1202 1148 1358 1179 insertum
1381 1148 1467 1186 quod
1492 1148 1654 1186 predictus
1676 1148 1839 1179 Robertus

496 1197 601 1228 dictus
621 1198 660 1228 de
678 1198 800 1236 capella
818 1199 857 1229 de
877 1198 1004 1229 Jakesle
1026 1198 1059 1229 in
1083 1198 1227 1236 predicta
1249 1198 1371 1236 capella
1393 1198 1488 1229 bassa
1510 1198 1542 1228 in
1565 1197 1693 1229 Palacio
1716 1197 1838 1229 domini

496 1247 592 1286 Regis
608 1248 751 1286 predicto
768 1248 822 1286 qui
838 1251 887 1279 est
903 1249 990 1279 locus
1006 1251 1173 1286 exemptus
1189 1248 1230 1278 ab
1246 1248 1334 1279 omni
1348 1247 1572 1286 jurisdiccione
1591 1247 1752 1279 ordinaria
1769 1251 1837 1278 tarn

494 1298 620 1328 racione
641 1298 807 1336 dignitatis
828 1301 860 1329 et
882 1308 998 1329 corone
1020 1309 1076 1329 sue
1098 1308 1196 1336 quam
1220 1298 1378 1329 libertatis
1399 1297 1538 1328 Ecclesie
1557 1297 1838 1329 Westmonasteri-

492 1347 577 1378 ensis
595 1351 628 1378 et
647 1348 784 1379 maxime
803 1348 835 1378 in
852 1348 1013 1386 presencia
1032 1348 1131 1386 ipsius
1151 1346 1271 1379 domini
1291 1348 1386 1386 Regis
1407 1352 1550 1386 tempore
1569 1347 1772 1386 parliamenti
1788 1347 1837 1378 sui

493 1396 622 1434 ibidem,
648 1398 702 1428 Ita
726 1398 812 1436 quod
837 1398 942 1428 nullus
966 1398 1234 1439 summoniciones
1257 1408 1313 1429 seu
1337 1397 1509 1428 citaciones
1535 1397 1654 1428 ibidem
1682 1397 1780 1428 faciat
1804 1401 1837 1429 et

493 1447 642 1486 precipue
660 1448 720 1478 illis
738 1447 793 1486 qui
811 1451 888 1478 sunt
906 1448 945 1478 de
963 1448 1117 1486 sanguine
1135 1447 1268 1478 Domini
1287 1447 1383 1486 Regis
1401 1447 1518 1486 quibus
1536 1447 1640 1486 major
1658 1447 1837 1478 reverentia

491 1507 590 1535 quam
607 1497 675 1528 aliis
691 1497 757 1528 fieri
773 1498 869 1528 debet
885 1498 1097 1536 Compertuin
1113 1501 1161 1528 est
1176 1497 1263 1536 quod
1280 1497 1442 1536 predictus
1458 1497 1608 1528 Officialis
1623 1497 1656 1527 vi
1671 1500 1703 1528 et
1719 1497 1836 1528 effectu

492 1547 705 1578 Instrumenti
727 1547 845 1586 publici
868 1547 1002 1586 predicti
1024 1552 1057 1579 et
1078 1547 1204 1578 racione
1226 1547 1397 1578 verborum
1419 1547 1452 1577 in
1473 1547 1586 1578 eodem
1608 1550 1835 1578 contentorum

491 1607 674 1635 processum
704 1597 737 1628 in
767 1596 898 1635 negocio
928 1597 1072 1636 predicto
1102 1607 1210 1628 coram
1240 1608 1277 1628 eo
1310 1597 1499 1628 inchoatum
1529 1607 1640 1628 versus
1674 1597 1835 1635 prefatam

490 1647 698 1678 Comitissam
720 1647 924 1679 continuauit
944 1651 977 1678 et
997 1658 1068 1678 eam
1089 1651 1313 1679 contumacem
1334 1647 1499 1685 reputauit
1520 1650 1616 1685 prout
1636 1646 1669 1677 in
1690 1646 1834 1685 predicto

490 1707 639 1735 processu
659 1697 782 1736 plenius
802 1697 986 1729 continetur
1004 1697 1170 1729 occasione
1189 1697 1391 1728 contumacie
1410 1707 1465 1728 seu
1484 1700 1558 1735 post
1577 1696 1833 1728 notificacionem

490 1747 667 1785 predictam
687 1757 794 1778 coram
813 1747 882 1786 ipso
901 1747 1036 1778 Officiali
1055 1757 1110 1786 per
1128 1747 1233 1786 ipsum
1252 1747 1414 1778 notarium
1434 1746 1614 1785 predictum
1637 1746 1697 1777 sibi
1720 1746 1834 1777 testifi-

489 1800 597 1827 catam
623 1797 799 1828 admittens
823 1801 856 1828 et
881 1801 1053 1835 acceptans
1078 1796 1334 1828 notificacionem
1359 1796 1447 1826 illam
1472 1800 1505 1827 et
1530 1806 1712 1834 processum
1737 1807 1832 1827 suum

488 1856 583 1884 super
596 1847 708 1877 eadem
720 1847 912 1877 continuans
923 1857 959 1877 ac
971 1847 996 1877 si
1008 1851 1091 1878 esset
1102 1846 1217 1878 citacio
1228 1846 1338 1877 debita
1352 1850 1384 1877 et
1394 1845 1576 1881 manifesta,
1590 1846 1658 1876 Nec
1669 1845 1833 1877 invenitur

487 1896 520 1926 in
542 1896 685 1934 predicto
706 1906 855 1934 processu
875 1897 962 1935 quod
983 1896 1092 1935 aliqua
1112 1896 1175 1927 alia
1195 1896 1309 1927 citacio
1329 1906 1424 1934 super
1444 1895 1603 1934 prefatam
1623 1895 1831 1927 Comitissam

487 1956 543 1984 per
558 1946 695 1977 decanos
710 1950 767 1977 aut
783 1946 860 1977 alios
876 1946 963 1977 facta
977 1946 1040 1977 fuit
1055 1946 1331 1984 qualitercumque
1345 1945 1430 1976 idem
1447 1945 1597 1976 Officialis
1612 1945 1699 1976 dicat
1714 1956 1747 1976 se
1762 1955 1832 1984 pre-

487 1995 610 2026 dictum
630 2006 811 2034 processum
832 1996 943 2027 fecisse
963 1999 996 2027 et
1017 1996 1221 2027 continuasse
1242 2006 1297 2034 per
1317 1995 1489 2026 citaciones
1509 2005 1565 2034 per
1587 1995 1736 2026 Decanos
1756 2005 1830 2026 suos

485 2046 546 2076 sibi
564 2046 753 2077 testificatas
770 2056 826 2077 nec
844 2046 929 2077 idem
946 2046 1088 2077 officialis
1105 2045 1249 2084 ignorare
1267 2045 1379 2076 debuit
1396 2045 1473 2084 quin
1490 2045 1653 2083 predictus
1670 2045 1758 2076 locus
1775 2044 1830 2084 qui

484 2099 534 2126 est
550 2096 743 2134 solempnior
759 2096 846 2127 locus
862 2096 955 2127 istius
972 2096 1074 2134 Regni
1088 2096 1237 2127 videlicet
1254 2095 1413 2134 palacium
1430 2095 1610 2133 predictum
1627 2095 1714 2134 quod
1730 2095 1829 2126 situm

485 2149 533 2176 est
556 2146 640 2176 infra
662 2146 845 2177 libertatem
868 2146 1009 2177 Ecclesie
1032 2144 1383 2177 Westmonasteriensis
1405 2145 1461 2176 vbi
1486 2144 1565 2175 nulli
1590 2144 1836 2184 Archiepiscopi

721 2235 739 2249 ³³
758 2233 811 2265 Qu.
823 2242 839 2259 a
852 2233 968 2259 blunder
981 2233 1024 2259 for
1036 2233 1082 2265 ibi,
1095 2233 1111 2259 i.
1124 2241 1146 2259 e.
1162 2233 1189 2258 in
1204 2232 1251 2259 the
1265 2235 1344 2265 crypt
1357 2232 1386 2258 of
1400 2232 1440 2258 St.
1456 2231 1599 2264 Stephens.
