2112 2901
770 167 978 193 APPENDIX
1005 169 1019 194 1
1500 159 1569 195 123

225 246 356 275 recedere
376 246 487 282 absque
506 257 540 276 eo
560 247 639 282 quod
659 247 763 282 aliquis
783 247 875 283 possit
895 247 1048 284 procedere
1067 251 1169 277 contra
1188 257 1236 276 eos
1255 248 1327 277 alias
1347 257 1435 284 quam
1455 248 1570 277 iusticia

225 292 382 321 mediante.
414 292 453 320 Et
466 292 545 328 quod
558 292 581 320 si
594 302 667 328 quas
679 293 761 321 lanas
773 296 825 322 aut
838 293 1014 322 mercancias
1026 303 1077 329 per
1088 293 1148 322 vim
1162 293 1226 329 capi
1238 297 1268 322 et
1280 293 1317 322 ad
1330 293 1409 322 dicta
1421 294 1483 322 loca
1496 293 1570 322 eius-

225 337 292 366 dem
304 338 395 366 Ducis
406 338 559 374 temporali
570 337 698 367 dominio
709 338 840 367 subiecta
851 338 955 367 deferri
966 342 1018 368 aut
1029 339 1095 368 inde
1106 339 1193 367 vendi
1204 342 1233 367 et
1244 339 1379 367 distribui
1390 339 1569 374 contingeret

225 383 361 412 officiales
375 383 466 412 Ducis
480 383 509 411 in
524 383 632 412 eisdem
646 383 715 412 locis
729 383 864 419 deputati
877 384 940 412 illas
954 384 1068 413 restitui
1081 384 1175 413 facere
1188 384 1327 413 deberent
1341 388 1370 413 et
1385 384 1438 412 nisi
1452 384 1481 413 id
1494 385 1570 413 face-

225 432 291 457 rent
304 429 433 457 valorem
446 429 513 457 talis
528 428 688 457 mercancie
705 429 741 457 de
757 438 809 458 suo
825 429 936 458 soluere
950 433 1125 464 tenerentur,
1142 434 1227 465 prout
1245 429 1296 458 hec
1313 430 1411 458 omnia
1427 430 1457 458 in
1474 430 1569 466 capite

226 474 338 510 prefate
353 474 437 502 Bulle
453 474 626 510 peticionem
642 474 713 502 dicti
730 474 847 503 Ricardi
862 475 1049 510 exprimentis
1064 475 1151 503 latius
1167 475 1357 510 diffusiusque
1372 476 1567 504 continentur.

225 519 271 548 Ad
285 520 425 555 premissa
439 520 631 555 respondetur
645 520 787 548 veraciter
801 520 831 548 in
846 520 923 548 hunc
937 520 1069 549 modum:
1094 521 1202 549 Verum
1217 524 1259 549 est
1275 521 1353 556 quod
1367 521 1442 550 Villa
1457 521 1569 550 Calesie

225 565 353 594 situatur
370 565 399 593 in
419 565 514 594 medio
534 569 609 593 terre
627 575 727 594 eorum
746 565 795 600 qui
814 575 901 601 regno
919 566 1021 601 Anglie
1040 570 1251 594 consueuerant
1269 566 1416 594 aduersari
1435 566 1513 601 quod
1531 566 1569 595 ad

224 610 363 639 solacium
379 611 542 639 releuamen
558 613 587 638 et
603 610 802 639 defencionem
817 620 917 639 eorum
933 611 983 646 qui
1001 611 1031 639 in
1051 611 1130 639 dicta
1145 611 1214 640 villa
1231 615 1440 640 conuersantur
1455 612 1569 641 ordina-

225 659 289 684 tum
302 656 358 684 fuit
376 656 433 684 illic
446 655 550 684 debere
562 665 623 684 esse
636 655 788 691 Stapulam
801 656 934 684 lanarum
946 660 976 684 et
994 656 1111 692 pellium
1125 656 1320 691 predictarum
1333 657 1388 685 sub
1404 657 1570 686 huiusmodi

224 701 345 729 statutis
357 704 387 729 et
407 701 668 729 constitucionibus
681 710 698 729 a
711 701 756 729 sui
774 701 931 736 primordio
944 705 1071 730 erectam
1084 705 1113 730 et
1131 702 1293 730 stabilitam
1307 702 1386 737 quod
1399 703 1570 731 inconsultis

224 749 313 781 atque
329 746 428 774 inuitis
440 746 542 774 vicinis
558 749 728 781 oportuerat
745 756 804 774 non
820 747 899 775 nulla
917 756 968 782 pro
985 747 1079 775 tutela
1096 747 1225 775 eiusdem
1243 747 1323 782 opidi
1342 748 1429 775 castri
1448 751 1477 776 et
1494 757 1570 776 mar-

225 791 354 820 chiarum
374 795 435 820 tam
455 801 505 826 per
523 791 720 820 Parliamenta
739 791 818 827 regni
837 801 926 826 quam
945 792 1016 820 alias
1034 792 1161 827 pollitice
1180 802 1230 827 per
1248 792 1325 828 ipsos
1344 792 1379 821 de
1398 793 1521 828 Stapula
1539 798 1568 822 et

225 840 334 866 ceteros
349 837 549 866 inhabitantes
564 837 691 865 ordinari
707 837 742 865 de
758 837 865 872 quibus
880 847 974 873 neque
989 837 1066 866 racio
1081 847 1176 873 neque
1191 841 1295 873 equtas
1310 838 1452 866 suadebat
1469 842 1501 867 π
1517 843 1569 867 aut

225 883 293 911 Dux
304 882 472 918 Burgundie
483 886 535 911 aut
547 882 597 918 qui
609 892 661 918 pro
673 886 804 918 tempore
815 883 955 911 aduersus
965 883 1100 918 Anglicos
1112 886 1245 919 regnaret
1256 883 1286 911 in
1298 883 1400 911 Galliis
1411 884 1497 912 iudex
1509 893 1569 912 esse

224 932 322 964 posset
334 938 405 963 nam
419 928 449 956 in
464 928 519 956 hiis
534 928 656 964 priuatis
670 928 791 957 statutis
806 928 969 957 consistunt
983 932 1094 957 secreta
1108 928 1196 964 regni.
1231 929 1271 957 Et
1286 938 1409 964 quorum
1424 929 1571 965 incompe-

225 977 290 1003 tens
303 977 347 1003 est
360 974 446 1003 iudex
460 974 636 1009 quicumque
650 977 695 1002 est
707 974 754 1002 ille
769 977 871 1003 contra
885 974 965 1003 cuius
980 978 1102 1003 conatus
1115 974 1193 1010 ipsas
1207 974 1406 1003 ordinaciones
1420 984 1569 1004 emanasse

225 1020 389 1049 constiterit
401 1019 522 1055 vulgata
535 1023 579 1048 est
592 1019 669 1048 enim
683 1020 799 1055 querela
812 1020 943 1048 omnium
956 1020 1140 1048 subditorum
1154 1020 1246 1048 Ducis
1258 1020 1426 1056 Burgundie
1439 1021 1490 1056 qui
1503 1030 1569 1050 cum

225 1065 440 1094 Mercatoribus
459 1065 579 1101 Stapule
597 1065 627 1093 in
646 1065 732 1094 factis
750 1065 929 1094 mercandise
948 1065 1165 1094 communicant
1184 1065 1263 1101 quod
1281 1065 1439 1102 Stapularij
1460 1066 1500 1094 illi
1519 1076 1570 1102 per

224 1121 291 1140 suas
300 1111 484 1140 ordinacione
498 1111 643 1146 spriuatas
656 1111 822 1139 libertatem
833 1111 1010 1140 intercursus
1021 1111 1114 1139 indies
1125 1111 1287 1147 infringunt
1301 1112 1466 1147 monopolia
1480 1115 1570 1148 atque

223 1157 281 1186 alia
293 1157 433 1192 dampata
446 1156 563 1185 decreta
575 1160 605 1185 et
618 1156 739 1185 concilia
750 1156 917 1185 statuendo.
950 1157 1034 1186 Solus
1046 1157 1134 1192 igitur
1146 1157 1232 1185 iudex
1244 1167 1345 1186 eorum
1358 1167 1414 1192 que
1427 1167 1460 1186 ex
1474 1158 1570 1193 priua-

224 1203 262 1231 tis
273 1202 395 1231 statutis
407 1201 548 1231 eiusmodi
561 1201 722 1237 dependere
735 1206 896 1231 noscuntur
907 1202 932 1231 is
944 1202 1077 1238 princeps
1090 1206 1134 1231 est
1147 1203 1197 1238 qui
1209 1206 1261 1231 aut
1274 1203 1337 1238 ipsa
1350 1206 1464 1232 statuta
1477 1203 1569 1232 edidit

223 1251 276 1277 aut
293 1248 356 1276 aliis
372 1247 477 1277 edendi
493 1248 701 1276 auctoritatem
718 1247 808 1276 dedit.
848 1248 943 1283 Quam
960 1248 998 1277 ob
1015 1257 1075 1276 rem
1093 1248 1117 1276 si
1134 1248 1260 1277 Ricardo
1278 1249 1387 1277 Heron’
1405 1258 1439 1277 ex
1455 1252 1569 1278 statuto

223 1294 320 1329 aliquo
334 1293 414 1329 regni
427 1293 697 1322 ordinacionibusve
716 1293 838 1329 privatis
852 1294 966 1330 stapule
980 1294 1057 1322 actio
1071 1293 1109 1322 ad
1129 1294 1359 1329 recuperandum
1373 1294 1570 1330 quadruplum

223 1339 344 1375 dampni
357 1339 412 1367 sibi
425 1348 476 1374 per
488 1339 601 1374 aliquos
614 1339 643 1367 in
657 1339 779 1374 St-apula
797 1339 860 1367 dati
878 1343 1042 1375 competere
1055 1339 1224 1368 dinoscatur
1237 1340 1472 1375 prosecucionem
1485 1350 1569 1369 suam

223 1385 261 1414 ab
277 1385 363 1413 inicio
379 1385 409 1413 in
426 1384 515 1413 Curia
532 1384 620 1420 Regis
636 1385 680 1413 sui
697 1385 791 1413 facere
812 1384 954 1413 debuerat
976 1388 1006 1413 et
1022 1395 1081 1413 non
1098 1388 1217 1414 externa
1233 1389 1324 1420 atque
1339 1385 1569 1421 incompetencia

223 1431 338 1467 pulsare
351 1430 493 1459 examina.
527 1430 612 1465 Quod
626 1434 725 1459 autem
739 1430 769 1459 id
788 1430 867 1466 quod
880 1431 1041 1459 maximum
1054 1431 1281 1460 fundamentum
1294 1441 1345 1460 sue
1359 1441 1445 1460 cause
1462 1432 1569 1467 ignaris

223 1476 389 1505 hominibus
407 1476 524 1504 videtur
541 1485 602 1504 esse
619 1476 725 1504 nullius
743 1476 853 1504 roboris
870 1476 909 1504 sit
926 1479 979 1505 aut
996 1477 1137 1505 momenti
1154 1476 1289 1505 videlicet
1307 1480 1341 1505 vt
1358 1486 1410 1512 pro
1428 1477 1569 1506 violencia

224 1522 299 1551 circa
316 1522 398 1550 lanas
414 1522 445 1550 in
462 1521 584 1557 Stapula
602 1521 714 1550 Calesie
732 1522 885 1550 commissa
902 1525 1060 1558 postquam
1076 1522 1138 1557 ipse
1155 1522 1282 1551 adducte
1298 1522 1407 1551 fuerint
1424 1523 1454 1551 in
1472 1526 1569 1558 partes

224 1567 359 1596 Flandrie
378 1567 447 1603 legis
466 1567 573 1596 latores
591 1567 699 1596 ibidem
718 1567 949 1596 iurisdiccionem
967 1567 1097 1596 habeant
1116 1567 1146 1596 in
1164 1567 1297 1596 subditos
1317 1568 1404 1603 Regis
1423 1578 1457 1596 ex
1474 1569 1568 1597 forma

224 1613 339 1642 articuli
358 1613 536 1642 intercursus
556 1613 634 1641 vnde
654 1613 798 1641 Ricardus
818 1613 864 1641 ille
885 1616 1090 1649 argumentum
1111 1623 1223 1642 sumere
1244 1613 1362 1642 videtur
1380 1614 1444 1642 luce
1465 1614 1569 1643 clarius

224 1659 485 1688 demonstrandum
495 1662 548 1687 est.
579 1659 648 1687 Non
659 1659 736 1687 enim
747 1659 818 1687 data
829 1662 873 1687 est
885 1659 1007 1695 principi
1017 1659 1103 1688 unius
1114 1662 1166 1688 aut
1176 1659 1295 1688 alterius
1306 1659 1397 1695 partis
1407 1659 1569 1689 iurisdiccio

224 1714 276 1741 pro
289 1705 344 1733 hiis
357 1714 413 1740 que
426 1708 507 1733 extra
519 1713 573 1733 sua
586 1704 731 1733 territoria
744 1707 950 1740 perpetrantur
962 1704 1019 1733 nisi
1031 1705 1124 1733 solum
1137 1705 1167 1733 in
1180 1705 1367 1740 capcionibus
1380 1705 1533 1734 maritimis
1545 1706 1569 1734 si

223 1760 269 1779 res
282 1750 467 1779 subditorum
481 1750 568 1778 unius
582 1750 673 1786 partis
689 1760 740 1785 per
754 1750 864 1785 piratas
878 1753 931 1778 aut
945 1750 1017 1779 alios
1031 1750 1185 1779 bellatores
1199 1750 1351 1779 martimos
1364 1751 1525 1787 intercepte
1538 1751 1569 1780 in

224 1799 401 1832 potestatem
412 1795 531 1824 alterius
541 1796 633 1831 partis
643 1795 823 1824 deuenerint.
853 1795 909 1830 Qui
920 1795 1008 1831 igitur
1018 1796 1260 1831 composicionem
1269 1796 1357 1825 istam
1367 1796 1405 1825 ad
1416 1800 1569 1832 capturam

224 1845 389 1871 terrestrem
405 1841 573 1876 extendens,
590 1851 656 1870 cum
672 1841 708 1870 de
723 1841 797 1870 mari
812 1841 1019 1870 tantummodo
1035 1841 1216 1870 mencionem
1231 1842 1312 1877 facit,
1328 1842 1433 1870 suadet
1448 1852 1500 1871 suo
1516 1846 1569 1872 aut

223 1887 317 1917 alieno
331 1887 454 1924 principi
465 1896 637 1922 summoque
651 1886 794 1922 Pontifici,
807 1896 880 1923 quos
894 1896 929 1916 ea
942 1897 999 1923 que
1012 1890 1082 1916 sunt
1094 1887 1173 1916 facta
1187 1887 1279 1916 eciam
1293 1887 1317 1916 si
1331 1888 1496 1923 peritissimi
1510 1888 1570 1917 sint

223 1933 339 1969 fallunt,
356 1933 436 1969 quod
453 1942 571 1962 causam
587 1942 671 1961 suam
687 1933 718 1961 in
735 1935 813 1962 terra
829 1932 942 1961 Calesie
958 1936 1057 1961 ortum
1073 1933 1232 1962 habentem
1248 1933 1390 1969 legittime
1406 1933 1569 1963 introduxit

224 1979 351 2015 primum
366 1979 396 2007 in
413 1978 533 2007 Curiam
549 1978 641 2007 Ducis
657 1978 826 2014 Burgundie
842 1982 931 2014 atque
947 1978 1052 2007 deinde
1067 1988 1118 2014 per
1133 1979 1340 2014 appellacionis
1354 1980 1515 2008 remedium
1530 1980 1569 2009 ad

224 2025 454 2054 Parliamentum
470 2024 603 2059 Francie;
630 2024 782 2060 postulans
798 2034 815 2053 a
830 2033 883 2053 suo
899 2024 979 2060 Rege
994 2034 1109 2053 summo
1125 2028 1180 2053 etc.
1198 2025 1339 2054 Pontifice
1355 2025 1410 2053 hiis
1425 2026 1569 2054 erroribus

225 2071 424 2099 circumuento
442 2069 592 2098 licenciam
610 2073 640 2098 et
660 2073 837 2105 potestatem
855 2069 898 2098 ita
916 2070 946 2098 in
964 2070 1071 2099 forensi
1089 2073 1120 2098 et
1137 2070 1231 2099 vetito
1250 2070 1381 2099 examine
1398 2071 1569 2100 inchoatum

225 2125 391 2152 processum
404 2119 546 2150 tanquam
558 2115 588 2143 in
600 2115 663 2144 foro
676 2115 854 2150 competenti
865 2124 957 2150 vsque
969 2115 1007 2144 ad
1018 2115 1135 2144 finalem
1146 2116 1325 2144 sentenciam
1337 2116 1569 2152 prosequendam

224 2162 360 2198 indignus
377 2164 421 2190 est
438 2164 472 2189 vt
489 2170 576 2196 super
592 2160 672 2189 falsis
688 2160 921 2196 suggestionibus
937 2161 997 2189 suis
1013 2161 1139 2197 amplius
1156 2161 1294 2190 audiatur
1310 2165 1362 2190 aut
1380 2162 1570 2197 permittatur

225 2207 350 2244 gaudere
364 2206 469 2236 litteris
483 2206 601 2235 licencie
615 2206 757 2235 eiusmodi
771 2209 834 2235 tam
849 2206 1026 2241 surrepticiis
1041 2215 1092 2242 per
1105 2216 1173 2235 eum
1187 2210 1222 2235 vt
1237 2207 1418 2243 premittitur
1431 2208 1570 2244 impetra-

225 2253 272 2289 tis,
290 2256 325 2282 ut
342 2256 442 2282 autem
459 2252 568 2281 veritas
584 2252 668 2280 istius
686 2251 906 2288 composicionis
919 2261 976 2287 que
993 2261 1052 2280 non
1069 2252 1153 2280 aliter
1169 2261 1200 2281 se
1216 2252 1306 2281 habet
1323 2262 1413 2288 quam
1430 2263 1464 2282 eo
1481 2254 1568 2283 modo

225 2308 283 2335 quo
296 2299 355 2328 iarn
368 2298 509 2327 recitatur
520 2297 656 2327 omnibus
669 2300 740 2326 nota
752 2297 791 2326 sit
803 2297 899 2326 visum
912 2301 957 2326 est
968 2297 1065 2332 ipsum
1077 2297 1223 2333 integrum
1235 2298 1391 2327 articulum
1403 2308 1437 2327 ex
1450 2309 1568 2335 corpore

225 2345 389 2374 litterarum
404 2344 582 2373 intercursus
596 2342 843 2372 mercandisarum
859 2346 947 2378 prout
961 2342 1038 2371 inter
1053 2352 1173 2378 regnum
1188 2343 1291 2379 Anglie
1306 2347 1336 2372 et
1352 2344 1462 2380 patrias
1478 2345 1569 2374 Ducis

225 2390 394 2427 Burgundie
408 2389 464 2418 sub
479 2389 590 2418 mutuis
606 2388 769 2424 principum
785 2388 884 2424 sigillis
899 2388 938 2417 ab
953 2388 1076 2424 antiquo
1092 2388 1226 2424 expedite
1241 2389 1358 2418 fuerant
1373 2390 1523 2420 extrahere
1538 2394 1568 2420 et
