2112 2901
471 157 518 193 83
752 167 873 193 CASES
900 166 1059 192 BEFORE
1087 166 1166 191 THE
1195 165 1332 191 KING’S
1360 165 1536 191 COUNCIL

473 243 613 274 diuerses
634 243 709 280 sees,
733 246 895 273 custumes
917 245 949 273 et
971 241 1106 272 seruiees
1127 244 1201 272 sont
1223 240 1386 272 subtrahis
1407 244 1440 271 et
1466 244 1576 271 oustez
1598 239 1648 270 del
1670 239 1753 270 abbe
1775 239 1817 270 de

472 293 678 331 Abbyngdon
695 294 705 311 ⁵
723 303 782 331 par
803 291 962 323 exitacion
986 295 1018 322 et
1042 301 1146 330 couyn
1169 291 1274 322 Johan
1296 290 1431 321 Benfeld
1444 291 1455 308 θ
1473 294 1506 321 61
1524 289 1665 320 William
1683 289 1817 320 Staffer-

473 346 529 373 ton
560 347 592 374 et
621 347 730 373 autres
760 341 949 372 malfesours
979 351 1018 379 qe
1050 340 1197 379 plusours
1228 340 1418 377 extoreions,
1451 343 1545 377 tortz,
1578 349 1751 378 greuances
1782 342 1816 370 et

474 392 676 430 oppressions
697 396 753 423 ent
774 395 841 422 este
862 391 940 422 faitz
962 402 981 422 a
1002 402 1061 421 voz
1083 390 1150 421 ditz
1172 400 1305 428 poueres
1326 393 1459 420 tenantz
1481 399 1519 420 en
1541 388 1742 420 destruccion
1764 387 1816 419 del

473 452 533 472 eux
555 446 587 473 et
609 441 827 472 (lesheriteson
850 441 890 471 de
912 441 982 472 lour
1003 440 1105 471 heires
1126 450 1208 478 pour
1229 443 1320 470 toutz
1342 439 1431 478 jours
1452 443 1485 470 et
1508 438 1557 477 [en
1578 437 1753 478 prejudice]
1776 437 1818 468 de

473 496 581 523 vostre
601 501 716 522 corone
735 495 767 522 et
786 494 895 521 vostre
914 490 1096 521 fraunchise
1115 489 1254 528 illoeqes,
1274 489 1300 520 si
1319 499 1359 520 ne
1378 489 1504 520 remede
1522 492 1578 519 ent
1597 488 1660 519 soit
1679 487 1739 519 fait
1758 497 1818 525 par

473 551 554 580 auys
569 541 608 572 de
622 546 731 572 vostre
745 545 885 579 tressage
900 539 1038 577 conseilL
1055 539 1139 578 plese
1154 550 1172 570 a
1186 542 1294 570 vostre
1308 539 1455 570 treshaut
1469 542 1501 569 et
1516 537 1659 569 tresroial
1673 540 1818 576 mageste

473 591 513 621 de
532 591 739 622 conunander
757 594 866 621 vostre
885 589 1097 621 Chaunceller
1115 593 1148 620 et
1167 589 1294 620 ordiner
1313 599 1372 627 par
1390 599 1470 626 auys
1489 588 1529 618 de
1548 591 1657 619 vostre
1675 590 1818 625 tressage

474 641 625 672 counseill
641 651 681 679 qe
696 640 823 671 hastive
839 639 965 671 remede
981 643 1013 670 et
1029 639 1170 670 redresse
1185 638 1285 669 sibien
1302 638 1461 670 touchant
1476 637 1520 669 les
1536 647 1718 676 greuances,
1736 640 1816 674 torz,

473 695 660 721 extorceons
675 690 768 721 issint
783 690 861 721 faitz
877 700 896 721 a
911 700 971 720 voz
993 689 1059 720 ditz
1081 692 1213 720 tenantz
1230 698 1318 720 come
1334 699 1415 726 pour
1430 688 1460 719 la
1475 687 1637 718 saluacion
1654 687 1693 717 de
1709 689 1819 717 vostre

474 740 560 772 droit
575 740 731 779 seignure,
748 750 788 778 qe
803 739 889 771 droit
905 743 938 770 et
953 750 1044 770 reson
1061 738 1124 770 soit
1140 738 1209 776 fait,
1226 738 1344 770 sicome
1359 738 1390 768 la
1406 747 1576 769 commune
1591 737 1642 775 ley
1658 735 1819 767 clemande

474 800 556 828 pour
571 790 676 821 Dieux
692 794 724 821 et
740 801 778 820 en
795 800 890 821 oeure
906 789 945 820 de
961 789 1110 820 charitee.

531 922 705 961 Inquisicio
733 926 830 960 capta
858 922 944 960 apud
972 921 1171 959 Wyndesore
1198 920 1249 951 die
1277 919 1397 951 Martis
1424 919 1569 958 proxima
1596 922 1670 957 post
1698 918 1818 949 festum

475 972 578 1004 sancti
592 972 680 1003 Petri
693 972 780 1011 quod
794 971 912 1002 (licitur
926 970 1099 1002 aduincula
1110 971 1121 989 ⁷
1135 980 1220 1001 anno
1233 969 1320 1008 regni
1334 969 1431 1007 Regis
1444 979 1529 1000 nunc
1542 968 1666 999 decimo
1680 967 1819 1006 septimo

475 1033 582 1053 coram
602 1022 749 1053 Gilberto
768 1022 894 1052 Burton
914 1025 946 1051 et
965 1021 1092 1051 Thoma
1111 1021 1325 1057 Wyssyname
1344 1029 1400 1057 per
1419 1018 1676 1050 commissionem
1696 1017 1818 1049 domini

475 1072 572 1110 Regis
593 1082 665 1102 cum
686 1071 755 1102 aliis
776 1070 946 1109 assignatis
966 1074 1063 1109 prout
1088 1069 1233 1108 predicta
1259 1068 1440 1100 commissio
1466 1068 1591 1107 plenius
1616 1071 1821 1099 contestatur

475 1122 515 1153 ad
532 1121 759 1160 inquirendum
774 1121 814 1151 (16
829 1120 962 1151 (111161515
978 1120 1079 1151 feodis
1094 1118 1381 1151 consuetudinibus
1396 1118 1536 1150 seruiciis
1551 1129 1570 1149 a
1585 1117 1716 1148 domino
1731 1118 1821 1156 Rege

474 1171 649 1202 subtractis
664 1175 696 1202 et
712 1170 895 1202 concellatis
914 1170 947 1200 in
961 1170 1038 1201 villa
1052 1170 1091 1200 de
1106 1170 1209 1200 Hurst
1221 1170 1231 1188 ⁸
1246 1172 1279 1200 et
1292 1168 1466 1206 Wynkfeld
1486 1168 1518 1198 in
1534 1167 1691 1199 comitatu
1710 1167 1818 1205 Berk',

474 1231 598 1252 necnon
613 1220 706 1252 bonis
720 1220 854 1251 diuersis
868 1219 1088 1258 utlagatorum
1102 1219 1133 1249 in
1148 1219 1261 1250 eodem
1275 1218 1433 1249 comitatu
1447 1218 1488 1249 ab
1503 1218 1572 1256 ipso
1586 1217 1717 1248 domino
1732 1218 1821 1255 Rege

475 1271 650 1302 subtractis
679 1274 711 1301 et
740 1269 913 1301 concelatis
941 1280 997 1308 per
1025 1272 1263 1300 sacramentum
1292 1267 1441 1299 Nicholai
1469 1267 1631 1306 Aylward,
1661 1266 1820 1298 ι10113111115

475 1321 680 1357 Cranemore,
692 1321 710 1351 J
714 1319 849 1351 ohannis
861 1319 971 1358 Kilby,
983 1320 1001 1350 J
1005 1318 1140 1350 ohannis
1151 1318 1283 1355 Corbet,
1295 1318 1313 1348 J
1316 1317 1452 1349 ohannis
1463 1318 1649 1355 Haueryng,
1661 1317 1680 1347 J
1683 1316 1821 1347 ohannis

476 1371 678 1409 Kyngeston‚
706 1369 864 1401 Johannis
891 1369 1013 1408 Spynk‚
1043 1369 1167 1400 Thome
1195 1372 1229 1399 at
1257 1368 1330 1406 1.,661
1358 1368 1375 1398 J
1380 1367 1515 1398 ohannis
1542 1367 1646 1397 Benet
1672 1366 1818 1405 junioris,

476 1420 625 1451 Willehni
643 1419 741 1457 Rede,
758 1419 915 1450 Johannis
932 1419 1030 1457 Placy
1046 1422 1079 1449 et
1095 1418 1219 1449 Thome
1235 1418 1426 1456 Herpecote,
1443 1416 1498 1455 qui
1515 1416 1627 1447 dicunt
1644 1426 1699 1454 per
1714 1426 1819 1447 sacra-

475 1474 623 1501 mentum
641 1480 735 1500 suum
755 1469 841 1507 quod
861 1479 972 1500 omnes
991 1472 1138 1499 tenentes
1156 1468 1196 1498 de
1214 1467 1389 1505 Wynkfeld
1414 1470 1561 1498 tenerent
1586 1465 1694 1497 omnia
1718 1469 1821 1497 terras

475 1524 508 1551 et
529 1523 715 1551 tenementa
735 1530 793 1550 sua
813 1519 845 1549 in
866 1518 942 1549 villa
963 1518 1108 1557 predicta
1128 1518 1167 1548 de
1187 1517 1318 1549 domino
1340 1518 1426 1555 Rege
1447 1517 1478 1547 in
1500 1515 1606 1554 capite
1626 1519 1659 1547 et
1678 1516 1722 1547 sic
1743 1519 1821 1547 sunt

475 1569 565 1600 liberi
582 1573 729 1600 tenentes
745 1568 867 1599 domini
883 1568 989 1607 Regis,
1007 1572 1056 1599 set
1071 1568 1111 1598 de
1127 1568 1230 1598 Hurst
1246 1566 1342 1597 nichil
1358 1566 1464 1598 sciunt
1480 1566 1593 1597 dicere.

532 1619 726 1650 Informacio
741 1629 798 1657 pro
813 1619 901 1657 Rege
915 1618 1054 1657 qualiter
1068 1621 1215 1649 tenentes
1230 1617 1269 1647 de
1283 1616 1458 1655 Wynkfeld
1474 1620 1587 1647 tenent
1601 1619 1634 1646 et
1648 1615 1688 1646 de
1702 1626 1776 1653 quo.

532 1670 569 1699 In
593 1669 703 1707 primis
725 1668 803 1699 dicti
826 1672 974 1699 tenentes
996 1672 1109 1699 tenent
1131 1668 1170 1698 de
1193 1668 1280 1705 Rege
1302 1671 1339 1698 ut
1361 1666 1401 1697 de
1424 1666 1529 1704 capite
1551 1665 1714 1696 reddendo
1736 1664 1822 1695 vice-

476 1719 586 1749 comiti
599 1719 693 1749 Berk'
707 1718 836 1749 nomine
848 1718 944 1757 Regis
955 1717 1125 1749 annuatim
1137 1717 1168 1747 in
1180 1717 1263 1747 festo
1275 1716 1378 1748 sancti
1390 1715 1527 1747 Martini
1539 1726 1640 1746 unum
1651 1714 1819 1745 denarium

476 1772 631 1799 vocatum
648 1768 864 1806 Herthpenny
874 1770 884 1786 ⁹

1353 1776 1480 1797 summa
1496 1776 1556 1795 xxx
1567 1764 1597 1795 d.
1615 1775 1671 1803 per
1687 1775 1818 1795 annum.

532 1819 617 1849 Item
630 1817 709 1849 dicti
724 1821 870 1849 tenentes
884 1817 1024 1848 reddunt
1038 1827 1094 1855 per
1107 1826 1229 1847 3111111111
1240 1815 1422 1847 vicecomiti
1436 1815 1622 1853 supradicto
1636 1814 1664 1845 le
1677 1814 1822 1852 hidage¹⁰

478 1897 542 1923 that
563 1897 639 1923 there
660 1897 764 1922 existed
786 1906 802 1922 3
823 1897 892 1922 class
912 1896 940 1922 of
961 1896 1067 1922 villeins
1086 1905 1124 1921 re-

476 1935 587 1966 yardant
599 1935 626 1960 in
639 1934 799 1960 distinction
808 1934 879 1959 from
889 1934 995 1960 villeins
1004 1936 1034 1959 in
1044 1942 1124 1965 qross.

476 1972 565 1998 There
586 1981 655 1997 were
677 1981 712 1997 no
733 1971 800 1997 such
821 1971 928 1997 classes.
968 1972 995 1996 It
1016 1971 1038 1997 is
1058 1971 1123 2003 only

477 2009 555 2035 when
568 2009 644 2035 there
657 2009 679 2035 is
691 2018 707 2035 a,
719 2009 787 2040 legal
799 2017 895 2035 reason
908 2008 950 2035 for
962 2009 1124 2040 connecting

477 2047 584 2073 villeins
602 2047 668 2072 with
687 2056 703 2072 a
721 2047 801 2078 given
820 2055 924 2078 manor,
944 2047 971 2071 in
990 2046 1045 2071 this
1064 2055 1124 2071 case

477 2084 612 2115 Windsor,
634 2084 696 2109 that
716 2084 782 2115 they
802 2092 847 2110 are
866 2083 970 2115 spoken
990 2083 1018 2109 of
1037 2092 1067 2109 as
1086 2092 1124 2109 re-

476 2122 587 2153 yardant
611 2121 808 2153 (Vinogradoff,
833 2122 983 2152 Villaz'naqc.
1003 2123 1033 2146 in
1054 2121 1124 2152 Eny-

476 2159 539 2184 land
551 2160 645 2190 [1S92],
658 2167 704 2191 pp.
718 2160 751 2184 46
761 2159 803 2188 1.).
842 2159 874 2184 111
888 2158 967 2184 other
978 2159 1065 2184 words
1078 2158 1125 2183 the

477 2196 584 2222 villcins
597 2196 676 2222 claim
690 2196 752 2222 that
765 2196 832 2228 they
844 2196 943 2228 belong
956 2198 984 2222 to
997 2196 1125 2221 Windsor

477 2234 571 2260 Castle
581 2234 636 2259 and
646 2243 675 2259 so
686 2242 731 2259 are
741 2236 853 2259 tenants
863 2233 891 2259 of
900 2233 977 2265 royal
987 2233 1123 2259 demesne.

523 2272 532 2287 ⁵
551 2272 574 2296 A
598 2271 776 2297 Bencdictine
803 2274 961 2302 monastery
987 2271 1014 2296 in
1041 2270 1126 2296 Berk-

477 2308 558 2334 shire.
591 2308 726 2340 Dugdale,
741 2309 850 2334 Manus.
864 2308 880 2339 1,
896 2310 955 2334 505.

524 2347 532 2361 ὃ
550 2354 580 2371 01
604 2345 743 2377 Benefeld,
768 2345 898 2377 formerly
921 2354 937 2371 a
960 2348 1073 2371 servant
1098 2345 1126 2371 of

479 2382 599 2408 Michael
617 2383 651 2409 de
671 2383 697 2408 13
715 2383 787 2415 Pole,
806 2392 862 2409 was
879 2383 994 2414 granted
1012 2383 1039 2408 in
1060 2383 1126 2408 1386

1176 1896 1223 1921 the
1245 1895 1362 1927 custody
1383 1895 1411 1921 of
1432 1895 1479 1920 the
1500 1894 1570 1927 park
1591 1894 1646 1920 and
1667 1902 1771 1920 warren
1792 1893 1822 1920 of

1177 1933 1292 1959 Benhall
1309 1933 1337 1958 in
1354 1932 1460 1958 Suffolk
1481 1932 1549 1962 (Cal.
1568 1932 1627 1957 Pac.
1646 1932 1726 1962 Rolls,
1745 1932 1820 1962 251),

1176 1971 1231 1996 and
1242 1979 1298 1996 was
1309 1970 1389 1996 made
1401 1970 1428 1995 in
1442 1971 1508 1995 1396
1520 1977 1616 2001 ranger
1627 1969 1655 1995 of
1666 1969 1713 1994 the
1725 1969 1821 1994 Forest

1175 2008 1203 2034 of
1223 2008 1323 2040 Sapley
1344 2007 1399 2033 and
1419 2007 1567 2039 Wabridge
1588 2007 1615 2032 in
1637 2006 1820 2037 Huntingdon

1178 2046 1247 2076 (Gal.
1264 2046 1322 2071 Pat.
1339 2045 1412 2075 691).
1446 2045 1489 2070 He
1504 2053 1568 2076 may
1583 2044 1654 2070 have
1669 2043 1731 2069 held
1745 2051 1822 2069 some

1175 2083 1242 2109 such
1259 2083 1335 2108 office
1352 2085 1382 2108 at
1399 2082 1534 2107 Windsor.
1570 2082 1603 2107 In
1620 2081 1667 2107 the
1684 2081 1823 2112 following

1175 2123 1327 2146 statement
1352 2120 1381 2145 of
1407 2120 1564 2151 grievances
1589 2119 1623 2144 he
1650 2126 1765 2151 appears
1792 2121 1823 2144 to

1177 2158 1246 2184 have
1261 2158 1329 2183 been
1344 2157 1437 2189 acting
1450 2157 1576 2189 together
1589 2156 1656 2182 with
1671 2156 1821 2181 Staffertou

1176 2204 1206 2222 as
1224 2198 1307 2227 agent
1324 2195 1353 2221 of
1371 2195 1418 2220 the
1436 2195 1522 2220 abbot
1540 2194 1568 2220 of
1586 2193 1741 2225 Abingdon.
1778 2193 1822 2218 He

1176 2242 1232 2258 was
1252 2229 1346 2264 firially
1367 2232 1511 2258 murdered
1531 2232 1559 2257 111
1579 2231 1627 2257 the
1646 2231 1773 2262 highway
1793 2229 1824 2255 of

1177 2270 1323 2296 Winkfield
1340 2270 1408 2300 (Cal.
1423 2270 1482 2295 Pat.
1497 2271 1513 2294 4
1526 2269 1597 2295 Heu.
1612 2269 1658 2300 IV,
1673 2269 1747 2298 225).

1224 2308 1232 2323 ⁷
1251 2309 1267 2333 5
1280 2308 1397 2339 August,
1413 2308 1490 2333 1394.

1223 2346 1232 2361 ⁸
1250 2345 1274 2370 A
1299 2344 1384 2376 single
1410 2352 1515 2375 manor,
1543 2343 1627 2375 lately
1653 2342 1758 2369 formed
1784 2341 1822 2373 by

1178 2382 1282 2414 joining
1308 2382 1355 2408 the
1381 2384 1436 2408 two
1462 2389 1572 2407 mauors
1598 2380 1626 2407 of
1652 2381 1740 2406 Hurst
1766 2379 1822 2405 aud
