2112 2901
729 192 937 218 APPENDIX
963 193 977 217 1
1458 182 1527 218 129

184 274 214 300 et
238 272 356 301 veritati
381 281 538 301 consonam
561 272 631 301 fore.
675 272 795 307 Nosque
820 282 871 308 per
894 271 1170 308 preoccupacionem
1194 275 1224 300 et
1248 271 1527 300 circumuencionem

184 317 375 353 multiplicem
391 318 482 347 tacita
498 318 622 346 veritate
639 321 701 346 tam
718 317 840 354 predicti
855 317 970 346 articuli
985 317 1162 346 intercursus
1178 327 1267 353 quam
1283 317 1406 346 aliorum
1422 317 1528 346 articu-

183 363 277 392 lorum
292 363 473 392 diuersorum
488 373 606 392 causam
622 363 792 399 premissam
808 363 1045 392 concernencium
1062 373 1112 399 per
1127 363 1216 392 falsas
1231 366 1261 391 et
1276 363 1397 391 ficticias
1412 372 1528 398 sugges-

183 408 278 438 tiones
292 409 396 445 prefati
410 409 528 438 Ricardi
542 409 615 438 tales
627 409 740 437 litteras
753 412 783 437 et
797 409 1000 445 promissiones
1012 409 1106 437 eidem
1120 408 1246 437 Ricardo
1259 408 1360 437 fecisse
1373 412 1402 437 et
1415 408 1527 437 dedisse

183 464 240 490 que
254 464 405 490 nunquam
423 464 440 483 a
460 454 543 484 nobis
557 454 581 483 si
595 455 800 490 premissorum
814 454 892 483 scioli
908 454 1062 483 fuissemus
1076 464 1212 483 emanare
1226 454 1389 483 debuerant
1404 454 1527 483 dicimus

183 503 380 536 protestamur
393 503 423 529 et
436 500 617 529 declaramus
630 510 730 529 omnes
743 503 773 529 et
786 500 914 536 singulas
927 500 1039 528 litteras
1053 500 1248 528 revocatorias
1262 503 1439 528 memoratas
1452 500 1527 529 ordi-

183 545 392 581 nacionemque
410 555 461 582 per
478 549 537 574 tres
554 545 657 574 Status
674 545 863 574 Parliamenti
880 546 972 574 nostri
989 545 1200 581 suprascriptos
1217 545 1418 574 intimaciones
1435 545 1528 574 moni-

183 591 279 620 ciones
298 595 328 620 et
347 591 541 620 iniunctiones
558 601 609 627 per
626 591 773 627 prefatum
794 595 1010 627 procuratorem
1029 594 1160 619 nostrum
1178 591 1208 619 in
1226 591 1350 619 eundem
1368 591 1526 619 Ricardum

182 637 276 666 factas
288 647 305 666 a
318 637 401 666 nobis
413 636 449 665 de
461 637 568 665 nostris
579 646 658 665 mero
671 640 754 665 motu
766 640 796 665 et
809 640 887 665 certa
899 636 1022 665 sciencia
1034 636 1094 665 sine
1107 636 1173 665 dolo
1186 636 1344 665 calliditate
1356 640 1407 665 aut
1421 636 1528 672 impor-

182 683 262 711 tunis
275 683 426 711 instanciis
440 683 641 711 Mercatorum
655 681 776 717 Stapule
790 685 888 710 nostre
903 682 1098 717 predictorum
1113 682 1328 710 racionabiliter
1341 685 1371 710 et
1385 682 1527 717 legittime

182 728 362 764 processisse.
395 728 435 756 Et
449 728 513 756 ideo
527 727 733 756 vniuersitates
747 730 860 755 vestras
874 731 988 756 attente
1002 727 1130 762 rogando
1145 727 1317 762 requirimus
1331 730 1360 755 et
1374 727 1527 755 hortamur

180 773 211 802 'm
223 773 352 802 Domino
363 773 504 809 quat-inus
514 773 570 801 hiis
581 773 686 801 litteris
698 773 804 801 nostris
816 773 932 808 plenam
944 773 1031 801 fidem
1043 773 1073 801 in
1085 773 1220 801 omnibus
1232 772 1404 801 adhibentes
1416 773 1526 801 nullam

181 819 314 848 deeetero
330 819 513 848 audienciam
529 819 643 854 prefato
659 818 786 847 Ricardo
802 818 911 847 Heron’
928 818 1056 847 naturali
1071 818 1189 846 subdito
1205 821 1304 846 nostro
1320 828 1406 853 super
1422 818 1527 847 friuola

180 868 210 893 et
230 868 454 901 presumptuosa
474 864 671 900 appellacione
690 874 743 893 sua
763 864 905 893 eiusmodi
923 864 1068 900 impartiri
1087 864 1191 892 velitis.
1231 864 1281 892 Set
1301 873 1418 892 causam
1437 863 1525 892 istam

180 910 363 947 prophanam
378 914 409 939 et
425 910 621 947 pecuniariam
637 910 713 939 inter
728 910 804 939 solos
819 910 965 939 subiectos
980 913 1095 938 nostros
1110 913 1200 945 atque
1214 910 1290 938 inira
1306 912 1400 938 metas
1416 909 1523 945 proprij

180 957 317 992 territorij
338 956 431 985 nostri
449 960 483 985 vt
501 956 684 992 premisimus
702 959 800 984 ortum
818 955 977 985 habentem
995 965 1051 991 que
1069 955 1149 984 nullo
1167 955 1228 984 iure
1246 955 1301 991 legi
1320 955 1454 984 Flandrie
1473 959 1525 984 aut

179 1002 300 1031 Francie
318 1002 421 1031 subiici
440 1002 543 1031 debuit
562 1001 600 1030 ad
620 1005 721 1030 nostra
741 1001 899 1030 tribunalia
918 1001 1126 1030 remittendam
1145 1001 1207 1030 fore
1227 1010 1260 1029 ac
1280 1001 1395 1029 realiter
1415 1001 1525 1030 remitti

179 1048 283 1077 debere
298 1052 360 1077 tam
373 1047 453 1084 apud
467 1047 495 1076 S.
511 1047 538 1076 d.
555 1057 582 1076 n.
598 1057 687 1083 quam
702 1047 771 1076 alibi
785 1047 836 1076 vbi
849 1051 1028 1083 oportunum
1042 1047 1190 1076 videbitur
1204 1047 1298 1076 modis
1312 1047 1448 1076 omnibus
1462 1056 1526 1082 per-

179 1094 336 1123 suadeatis.
368 1094 431 1122 Nos
443 1094 521 1123 enim
535 1094 559 1122 si
572 1103 703 1129 vnquam
716 1093 841 1122 antehoc
854 1093 1008 1122 fuissemus
1026 1093 1168 1129 legittime
1181 1092 1358 1128 interpellati
1371 1092 1409 1121 ad
1427 1092 1525 1121 minis-

179 1139 315 1169 trandam
331 1140 477 1168 iusticiam
492 1139 523 1168 in
539 1139 593 1168 hac
609 1149 706 1174 causa,
722 1139 765 1167 ita
781 1139 911 1175 profecto
928 1142 1026 1175 partes
1041 1139 1109 1174 equi
1124 1139 1227 1167 iudicis
1242 1139 1396 1167 fuissemus
1412 1138 1525 1167 executi

178 1186 258 1221 quod
269 1195 356 1221 super
367 1185 560 1221 denegacione
572 1185 685 1213 iusticie
697 1185 735 1214 ad
748 1185 776 1213 S.
790 1185 818 1213 d.
832 1194 860 1213 n.
874 1194 1022 1214 recursum
1034 1184 1135 1213 haberi
1147 1194 1206 1213 non
1219 1184 1390 1220 oportuerit,
1404 1184 1525 1220 promit-

179 1234 274 1260 tentes
285 1231 404 1267 insuper
415 1231 492 1260 bona
503 1230 560 1259 fide
572 1234 602 1259 et
614 1231 644 1259 in
656 1230 745 1259 verbo
757 1230 834 1266 regio
847 1230 925 1266 quod
938 1230 962 1259 si
974 1230 1070 1259 dictus
1082 1230 1225 1259 Ricardus
1236 1230 1381 1259 iusticiam
1393 1233 1524 1259 nostram

177 1286 265 1313 super
274 1277 419 1313 premissis
428 1277 582 1313 implorare
593 1286 735 1312 suamque
745 1277 892 1306 accionem
902 1276 1042 1305 aduersus
1053 1276 1182 1312 prefatos
1192 1276 1373 1305 Mercatores
1384 1276 1415 1304 in
1426 1276 1525 1311 aliqua

178 1322 334 1352 Curiamm
350 1326 516 1352 nostrarum
532 1322 679 1351 intentare
694 1322 820 1351 voluerit
835 1325 898 1351 tam
913 1322 968 1350 sibi
983 1322 1139 1358 benignam
1153 1322 1336 1351 audienciam
1352 1324 1442 1357 atque
1457 1330 1525 1350 vere

177 1369 290 1398 iusticie
304 1369 504 1398 execueionem
523 1369 662 1397 faciemus
677 1372 710 1397 vt
729 1369 833 1397 merito
852 1368 959 1397 debeat
979 1368 1152 1398 contentari.
1192 1368 1227 1396 In
1247 1377 1372 1403 quorum
1392 1367 1524 1397 omnium

178 1415 379 1444 testimonium
397 1418 487 1450 atque
509 1414 598 1444 fidem
620 1418 785 1451 presentem
809 1414 946 1450 paginam
969 1424 1076 1450 magno
1101 1417 1131 1443 et
1155 1413 1271 1450 priuato
1296 1413 1394 1449 sigillis
1418 1413 1524 1442 nostris

178 1461 319 1497 signoque
331 1463 431 1490 nostro
444 1460 574 1490 manuali
586 1460 708 1489 fecimus
720 1460 858 1489 roborari.
891 1460 1005 1489 Datum
1018 1469 1069 1496 per
1081 1460 1297 1489 auisamentum
1310 1459 1420 1489 consilii
1432 1459 1524 1488 nostri

177 1507 209 1535 in
228 1507 345 1536 Palacio
364 1509 464 1536 nostro
483 1506 736 1535 Westmonasterii
755 1515 845 1542 prope
865 1505 997 1535 London’
1017 1506 1094 1542 xxvij
1116 1505 1162 1534 die
1182 1505 1331 1541 Februarij
1353 1515 1430 1534 anno
1450 1515 1472 1533 r.
1493 1515 1522 1534 n.

178 1553 330 1582 vicessimo
343 1552 445 1589 primo.

228 1608 279 1635 per
292 1598 379 1628 breve
392 1598 428 1628 de
441 1598 557 1634 priuato
570 1597 661 1635 sigillo
675 1601 705 1627 et
717 1597 754 1627 de
766 1597 837 1626 dato
851 1601 905 1626 etc.
