2112 2901
490 145 538 181 40
772 153 893 179 CAsEs
920 152 1078 178 BEFORE
1106 151 1186 176 THE
1213 150 1351 176 KING’s
1379 150 1554 176 COUNCIL

492 244 549 265 nos
564 237 597 264 et
613 233 778 264 consilium
795 235 940 263 nostrum
956 231 1020 261 iam
1036 230 1162 261 nouiter
1178 229 1265 260 facta
1280 229 1484 260 contineatur
1498 228 1585 267 quod
1601 227 1832 259 mercatoribus

491 283 649 314 extraneis
675 293 747 313 cum
773 281 865 312 bonis
890 284 923 312 et
948 279 1154 311 mercandisis
1180 279 1244 310 suis
1270 279 1353 309 infra
1378 278 1501 309 dictum
1527 288 1659 316 regnum
1686 281 1832 308 nostrum

491 333 604 371 Anglie
621 332 825 363 venientibus
843 340 938 369 super
956 329 1077 360 iniuriis
1095 332 1128 360 et
1146 328 1386 367 grauaminibus
1404 328 1448 358 eis
1466 327 1563 358 illatis
1581 327 1688 359 celeris
1706 327 1833 358 iusticia

491 383 688 419 exhibeatur,
708 381 852 412 volentes
870 381 909 411 de
928 379 1110 411 nominibus
1128 378 1372 409 malefactorum
1391 377 1617 416 predictorum,
1637 377 1692 416 qui
1710 377 1831 408 dictam

492 443 607 463 nauem
629 442 702 462 cum
725 431 817 462 bonis
837 434 870 461 et
892 429 1105 460 mercimoniis
1128 428 1278 467 predictis
1301 428 1344 458 sic
1366 431 1528 459 carcatam
1549 430 1701 465 ceperunt
1722 430 1755 457 et
1777 426 1833 457 ab-

492 482 662 519 duxerunt⁷
679 492 715 512 ac
731 481 770 512 de
785 490 861 512 vero
875 480 983 511 valore
1004 479 1105 516 nauis,
1126 478 1283 509 bonorum
1301 481 1334 508 et
1354 477 1632 508 mercimoniorum
1647 476 1832 514 eorundem,

492 542 616 563 necnon
641 531 680 562 de
704 530 853 569 dampnis
878 540 933 568 per
957 529 1085 560 eosdem
1109 531 1301 559 mercatores
1326 527 1357 557 in
1382 527 1442 558 hac
1466 530 1558 565 parte
1583 526 1683 565 passis
1710 525 1834 565 plenius

492 581 665 619 certiorari,
688 580 921 619 assignauimus
943 590 1001 610 vos
1021 582 1054 609 et
1075 578 1155 609 duos
1177 581 1321 608 vestrum
1342 577 1383 608 ad
1407 576 1633 615 inquirendum
1654 586 1710 614 per
1729 585 1834 607 sacra-

491 635 637 662 mentum
656 631 829 670 proborum
846 633 879 661 et
896 629 1044 668 legalium
1062 628 1228 659 hominum
1246 628 1285 658 de
1303 627 1511 658 comitatibus
1528 626 1641 657 Glouc'
1660 629 1692 656 et
1709 626 1834 657 Somer-

490 685 549 719 set,
564 684 633 712 tam
646 681 730 712 infra
741 681 906 711 libertates
919 690 1017 718 quam
1030 681 1129 715 extra,
1145 687 1200 716 per
1212 688 1293 716 quos
1306 677 1349 707 rei
1362 676 1481 708 veritas
1493 676 1607 707 melius
1618 675 1690 707 sciri
1703 674 1833 714 poterit,

491 731 530 762 de
550 731 710 770 premissis
729 734 761 762 et
780 741 818 761 ea
837 728 1097 768 contingentibus
1116 727 1240 766 plenius
1258 727 1439 757 veritatem.
1481 727 1524 757 Et
1543 726 1614 757 ideo
1633 725 1724 756 vobis
1743 735 1834 756 man-

491 781 606 812 damus
621 781 707 819 quod
724 781 765 812 ad
781 783 884 811 certos
899 779 965 810 dies
981 782 1013 810 et
1028 778 1107 815 loca,
1124 788 1204 816 quos
1219 788 1277 808 vos
1292 777 1342 807 vel
1358 777 1422 807 duo
1437 779 1580 807 vestrum
1597 775 1637 806 ad
1653 775 1712 806 hoc
1728 775 1835 814 proui-

491 831 610 869 deritis,
635 830 859 869 inquisiciones
886 839 981 868 super
1009 827 1169 866 premissis
1197 827 1228 857 in
1258 827 1361 857 forma
1389 826 1533 864 predicta
1560 825 1696 863 faciatis,
1720 828 1753 856 et
1780 836 1834 856 eas

491 881 641 912 distincte
657 884 690 912 et
706 884 817 919 aperte
832 880 935 910 factas
954 878 1045 909 nobis
1064 878 1096 908 in
1113 877 1333 908 cancellariam
1353 880 1496 907 nostram
1516 875 1576 906 sub
1595 875 1703 913 sigillis
1718 875 1834 906 vestris

490 931 541 961 vel
562 931 700 961 duorum
716 934 860 961 vestrum
882 933 915 960 et
930 928 1038 966 sigillis
1060 937 1170 958 eorum
1191 936 1247 965 per
1262 937 1342 964 quos
1358 926 1443 956 facte
1459 925 1578 956 fuerint
1594 925 1662 956 sine
1678 925 1834 956 dilacione

490 980 630 1011 mittatis
651 983 684 1011 et
705 980 763 1010 hoc
786 980 891 1010 breve.
936 978 1061 1008 Damus
1083 980 1192 1007 autem
1214 975 1456 1007 vicecomitibus
1478 975 1595 1005 nostris
1617 975 1833 1006 comitatuum

491 1030 707 1068 predictorum
727 1033 760 1060 et
779 1029 928 1060 omnibus
947 1027 1083 1064 balliuis,
1104 1026 1257 1057 ministris
1281 1029 1314 1056 et
1339 1025 1485 1056 fidelibus
1510 1024 1636 1062 nostris,
1658 1028 1726 1055 tam
1751 1024 1836 1055 infra

490 1079 655 1110 libertates
669 1090 766 1118 quam
781 1083 880 1116 extra,
896 1081 1006 1109 tenore
1021 1076 1218 1115 presencium
1232 1076 1265 1106 in
1279 1075 1441 1106 mandatis
1455 1075 1542 1113 quod
1556 1074 1648 1105 vobis
1662 1078 1694 1105 et
1708 1074 1835 1105 duobus

490 1132 634 1160 vestrum
654 1129 685 1159 in
705 1128 865 1167 premissis
884 1127 1037 1158 faciendis
1056 1130 1089 1157 et
1107 1125 1299 1164 exequendis
1318 1128 1453 1163 pareant
1472 1128 1505 1155 et
1523 1124 1705 1161 intendant,
1725 1127 1758 1155 et
1777 1124 1835 1155 eis-

490 1179 563 1210 dem
582 1178 824 1210 vicecomitibus
842 1178 929 1217 quod
947 1177 1007 1216 ipsi
1025 1177 1066 1208 ad
1085 1179 1188 1207 certos
1206 1175 1272 1206 dies
1290 1178 1323 1206 et
1342 1175 1420 1212 loca,
1439 1185 1520 1213 quos
1538 1185 1596 1205 vos
1614 1174 1664 1205 vel
1683 1174 1747 1205 duo
1766 1184 1836 1205 ves-

490 1232 578 1260 trum
595 1229 639 1260 eis
656 1229 735 1260 scire
752 1228 887 1265 faciatis,
906 1227 1014 1258 venire
1032 1226 1153 1257 faciant
1170 1235 1278 1256 coram
1295 1224 1387 1256 vobis
1404 1224 1455 1256 vel
1472 1224 1598 1255 duobus
1619 1228 1763 1255 vestrum
1784 1227 1835 1256 tot

490 1282 523 1310 et
537 1279 617 1310 tales
631 1279 748 1317 probos
762 1282 794 1309 et
808 1278 923 1316 legales
936 1276 1081 1308 homines
1095 1276 1134 1306 de
1148 1275 1273 1306 balliuis
1287 1274 1361 1312 suis,
1377 1278 1445 1305 tam
1459 1274 1543 1304 infra
1556 1274 1721 1305 libertates
1735 1284 1834 1312 quam

490 1332 590 1367 extra,
603 1339 658 1367 per
676 1339 756 1367 quos
774 1327 819 1359 rei
836 1327 956 1358 veritas
974 1327 1006 1357 in
1026 1325 1185 1364 premissis
1203 1325 1315 1356 melius
1333 1324 1404 1355 sciri
1423 1324 1542 1362 poterit
1557 1327 1590 1354 et
1604 1323 1756 1362 inquiri.¹⁸
1795 1324 1834 1354 In

491 1378 580 1410 cuius
605 1378 649 1409 rei
670 1377 890 1409 testimonium
911 1377 969 1407 has
994 1376 1118 1407 litteras
1137 1378 1264 1406 nostras
1284 1374 1351 1405 fieri
1370 1374 1503 1405 fecimus
1528 1377 1686 1412 patentes.
1737 1374 1834 1404 Teste

490 1438 542 1459 me
557 1428 626 1467 ipso
642 1428 728 1466 apud
751 1426 1072 1459 Westmonasterium
1089 1436 1139 1456 xv.
1157 1425 1207 1456 die
1223 1424 1387 1455 Februarii
1403 1434 1488 1454 anno
1503 1423 1591 1462 regni
1606 1423 1707 1454 nostri
1722 1423 1836 1461 Anglie

490 1478 641 1509 vicesimo
658 1481 775 1509 octauo
791 1477 879 1516 regni
895 1487 970 1507 vero
987 1475 1088 1507 nostri
1105 1474 1237 1506 Francie
1254 1473 1503 1513 quintodecimo.
1550 1472 1741 1510 Mirf[eld].1⁹

491 1552 518 1584 C

554 1610 728 1649 Inquisicio
742 1613 839 1648 capta
854 1609 886 1640 in
900 1608 1057 1641 comitatu
1079 1607 1192 1639 Glouc’
1209 1617 1315 1638 coram
1332 1607 1461 1637 Andrea
1480 1606 1520 1637 de
1535 1606 1734 1644 Gyldeford'‚
1749 1615 1836 1637 seru-

490 1660 575 1692 iente
591 1660 712 1691 domini
729 1660 824 1698 Regis
841 1660 882 1690 ad
898 1669 997 1696 arma,
1016 1658 1159 1689 Iohanne
1174 1657 1213 1688 de
1229 1657 1433 1695 Cobmdon',
1449 1655 1569 1687 maiore
1588 1656 1662 1687 ville
1680 1655 1833 1694 Bristoll’,

490 1714 523 1742 et
544 1710 688 1741 Iohanne
708 1710 736 1741 le
756 1709 874 1748 Spicer‚
895 1708 1015 1739 maiore
1036 1708 1075 1739 de
1095 1707 1225 1745 stapula
1239 1706 1381 1738 eiusdem
1402 1706 1485 1743 ville,
1510 1706 1596 1744 apud
1620 1705 1761 1736 Bristoll’
1783 1706 1835 1737 die

491 1760 645 1791 Mercurii
663 1760 808 1798 proxima
825 1762 899 1797 post
917 1759 1036 1790 festum
1054 1757 1164 1788 Sancti
1182 1757 1268 1787 Petri
1287 1757 1319 1786 in
1336 1756 1527 1787 Cathedra2⁰
1545 1766 1630 1786 anno
1648 1755 1736 1794 regni
1754 1755 1835 1794 regis

490 1809 642 1840 Edwardi
660 1809 748 1840 tercii
767 1813 840 1847 post
858 1812 1069 1847 conquestum
1088 1807 1239 1838 vicesimo
1252 1810 1378 1843 octauo,
1398 1809 1547 1844 pretextu
1565 1805 1730 1837 cuiusdam
1744 1815 1835 1835 man-

491 1859 560 1890 dati
581 1859 625 1890 eis
645 1859 719 1890 inde
741 1858 853 1889 directi
874 1868 930 1896 per
944 1860 1181 1889 sacramentum
1201 1856 1336 1887 Roberti
1353 1859 1422 1886 atte
1439 1855 1574 1893 Walle‚²l
1591 1855 1714 1886 Thome
1732 1855 1833 1893 Pyke,

491 1909 640 1947 Symonis
659 1908 780 1947 Gyene,
801 1907 954 1939 Iohannis
972 1907 1170 1945 Lyndraper,
1190 1905 1325 1937 Roberti
1344 1905 1524 1943 Haleweye‚
1546 1904 1675 1936 Ricardi
1694 1905 1833 1943 Howyn‚

491 1958 640 1990 Willelmi
666 1962 735 1989 atte
760 1958 893 1996 Berghe,
921 1956 1056 1988 Roberti
1082 1956 1313 1994 Honybourne,
1340 1959 1555 1986 mercatorum
1581 1954 1655 1985 ville
1680 1954 1833 1992 Bristoll’,

492 2008 644 2040 Iohannis
667 2008 816 2045 Eustace,
839 2007 972 2038 Walteri
995 2006 1126 2044 Galyot,
1150 2005 1303 2036 Iohannis
1325 2005 1475 2043 Sporyar,
1500 2004 1653 2035 Iohannis
1675 2005 1832 2042 Toryton,

491 2058 747 2095 marinariorum,
768 2057 823 2097 qui
846 2057 959 2088 dicunt
981 2066 1076 2095 super
1097 2059 1335 2086 sacramentum
1358 2065 1451 2085 suum
1472 2054 1558 2093 quod
1578 2054 1629 2085 die
1649 2054 1779 2085 Veneris
1801 2054 1834 2084 in

490 2108 574 2139 festo
595 2107 705 2139 Sancti
726 2107 879 2138 Iohannis
900 2106 1134 2145 Euangeliste²2
1156 2115 1241 2136 anno
1257 2105 1343 2143 regni
1363 2104 1459 2143 Regis
1479 2104 1663 2143 supradicte
1683 2103 1834 2135 vicesimo

491 2157 639 2197 septimo,
661 2157 838 2188 Willelmus
858 2157 898 2188 de
918 2156 1083 2194 Rouceby,
1105 2155 1254 2186 dominus
1274 2154 1366 2185 nauis
1386 2155 1434 2185 sui
1455 2154 1584 2193 proprii,
1607 2153 1696 2185 cuius
1717 2164 1834 2185 nomen

528 2229 547 2244 ¹⁸
565 2228 588 2254 A
602 2227 663 2253 writ
676 2229 760 2253 venire
768 2228 867 2259 facias.
1187 2225 1289 2251 church
1298 2225 1327 2251 os
1337 2225 1474 2257 Rawreth‚
1487 2225 1539 2251 dio.
1552 2224 1675 2250 London.
1703 2224 1760 2249 Cal.
1773 2224 1833 2250 Pac.

529 2267 548 2281 ¹⁹
567 2265 713 2298 signature
726 2265 754 2291 of
767 2265 815 2291 the
828 2264 909 2297 clerk,
924 2264 1060 2296 probably
1074 2263 1140 2289 Wil-
1186 2263 1266 2295 Rolls,
1279 2264 1312 2288 27
1323 2263 1400 2288 Edw.
1412 2263 1464 2294 ΙΙΙ,
1476 2263 1538 2294 483;
1556 2263 1590 2288 28
1601 2262 1677 2288 Edw.
1690 2262 1742 2294 ΙΙΙ,
1756 2263 1796 2287 14.

494 2302 559 2329 liam
573 2303 601 2329 of
615 2302 736 2334 Mirfeld,
756 2311 773 2328 a
786 2302 874 2334 king's
894 2302 974 2333 clerk,
996 2302 1095 2327 known
1109 2310 1139 2327 as
1221 2302 1240 2316 ²⁰
1258 2302 1290 2326 23
1305 2300 1369 2326 Feb.
1386 2301 1460 2326 1354.

492 2349 591 2372 parson
602 2341 631 2366 os
640 2340 825 2371 Gimingham,
836 2340 890 2365 dio.
901 2339 1038 2370 Norwich,
1049 2342 1140 2364 rector
1220 2339 1238 2353 ²¹
1257 2338 1316 2363 One
1335 2337 1364 2363 of
1383 2337 1429 2363 the
1448 2345 1575 2363 common
1593 2336 1697 2362 council
1712 2336 1739 2361 in
1756 2337 1831 2362 1349.

494 2378 523 2403 of
541 2377 662 2409 Shipdcn
682 2377 709 2402 in
729 2376 854 2409 Norfolk,
875 2379 1017 2409 presentee
1036 2379 1066 2402 to
1090 2376 1138 2402 the
1185 2375 1305 2407 Bickley,
1321 2375 1337 2406 i,
1353 2376 1395 2401 20.
