2112 2901
525 185 573 219 22
807 197 928 223 CAsns
954 198 1113 224 BEFORE
1141 198 1221 223 THE
1248 199 1386 224 KING’s
1414 199 1590 225 COUNCIL

348 268 467 321 fssfflgum
630 274 793 305 Univcrsis
821 285 948 313 presens
976 276 1140 314 publicum
1168 277 1425 308 Instrumentum
1452 277 1651 316 inspecturis,
1681 278 1867 316 [Nicholaus

347 337 450 355 mentum
589 324 734 362 Huese]22
746 325 897 356 Officialis
911 325 1096 357 Parisiensis
1110 326 1247 357 salutem
1262 326 1294 357 in
1310 327 1460 358 Domino.
1497 327 1636 358 Litteras
1650 328 1772 359 domini
1795 353 1801 359 .
1826 353 1833 359 .
1858 353 1865 360 .

588 373 674 411 Pape
690 384 753 404 non
769 374 915 413 abolitas,
933 385 996 406 non
1012 375 1212 413 cancellatas,
1229 386 1293 407 non
1309 376 1439 407 abrasas
1454 387 1511 407 nec
1531 377 1564 407 in
1579 377 1688 416 aliqua
1702 387 1760 408 sua
1774 381 1867 416 parte

588 423 731 461 viciatas,
751 424 811 454 sub
830 425 912 455 veris
931 425 1025 456 Bulla
1043 429 1075 456 et
1091 425 1150 456 filis
1166 425 1271 456 sericis
1290 426 1539 464 pendentibus,2³
1555 430 1651 464 prout
1667 427 1771 465 prima
1785 427 1866 459 facie

588 474 775 511 apparebat,
806 475 960 505 noueritis
989 485 1047 506 nos
1076 475 1193 506 vidisse
1222 475 1359 506 formam
1389 486 1451 514 que
1480 476 1625 515 sequitur
1654 477 1864 508 continentes.

586 522 771 554 Bonifacius
792 524 980 563 Episcopus,
1001 535 1112 555 seruus
1132 535 1296 556 seruorum
1318 525 1388 563 Dei,
1411 526 1452 556 ad
1473 529 1661 564 perpetuam
1682 526 1727 557 rei
1746 537 1867 558 memo-

587 572 676 603 riam.
712 574 747 603 In
761 574 883 604 excelso
895 573 1021 611 throno,
1035 575 1078 613 [H
1080 585 1126 605 ere
1133 575 1254 613 follows
1267 579 1298 606 at
1311 575 1409 613 length
1420 576 1466 606 the
1477 576 1540 606 bull
1553 577 1587 614 os
1597 578 1636 607 10
1646 576 1687 606 M
1688 587 1737 614 ay,
1749 577 1866 615 1297,²4

586 624 880 662 excommwzicatz‘ny
898 625 944 655 the
960 624 1108 661 colomna,
1127 625 1280 663 declariny
1292 626 1469 664 sorsez'tures
1486 626 1550 656 and
1566 626 1724 664 deprivinq
1742 626 1820 657 them
1835 627 1869 665 os

586 672 628 703 all
650 673 813 711 beneficos]
857 674 1101 712 Transcriptum
1124 677 1233 705 autem
1256 675 1439 706 huiusmodi
1461 675 1643 706 litterarum
1665 675 1866 714 Apostolica-

586 732 656 752 rum
675 723 715 753 ad
730 723 923 761 peticionam
939 724 1129 755 venerabilis
1146 724 1206 754 viri
1225 724 1346 755 domini
1360 725 1494 756 Roberti
1510 725 1549 755 de
1564 728 1677 756 saneto
1691 726 1819 763 Iusto,²⁵
1831 725 1865 756 in

586 782 682 810 regno
705 773 837 804 Francie
859 774 1013 812 generalis
1036 774 1250 812 procuratoris
1273 774 1393 805 Milicie
1416 775 1551 813 Templi,
1575 785 1612 806 ac
1635 775 1802 806 Laurencii
1825 775 1865 806 de

586 822 732 853 Eboraco
744 822 776 852 in
790 833 886 861 regno
898 824 1011 862 Anglie
1024 824 1149 862 Templi
1163 824 1265 855 clerici
1278 824 1345 855 fieri
1358 824 1490 855 fecimus
1503 824 1671 855 cuiuslibet
1684 825 1750 855 iure
1763 825 1862 856 salvo.

586 872 624 902 In
642 883 779 910 quorum
797 873 1017 904 testimonium
1035 873 1172 912 sigillum
1190 873 1286 905 Curie
1303 874 1488 904 Parisiensis
1505 884 1570 904 una
1587 884 1659 905 cum
1677 874 1773 913 signis
1791 885 1865 905 con-

585 922 683 952 suetis
700 922 784 953 infra
800 923 991 961 scriptorum
1010 923 1209 954 notariorum
1226 924 1428 961 presentibus
1444 927 1493 954 est
1510 934 1698 962 appensum.
1738 924 1863 955 Datum

585 972 713 1002 Parisiis
743 983 827 1003 anno
858 973 990 1003 Domini
1020 973 1278 1011 M.CC.XC.1X,
1310 973 1491 1004 Indictione
1520 973 1619 1004 tercia
1649 973 1782 1012 decima,
1813 966 1864 1005 die

585 1021 703 1052 Martis
719 1026 794 1053 ante
808 1022 927 1053 festum
942 1023 1046 1053 sancti
1061 1022 1223 1053 Vincencii
1239 1023 1395 1060 Martiris,
1411 1022 1560 1054 videlicet
1575 1033 1660 1054 nona
1675 1023 1799 1054 decima
1813 1023 1864 1055 die

585 1071 708 1102 Mensis
738 1072 879 1102 Ianuarii
910 1072 1123 1104 Pontificatus
1158 1072 1281 1103 domini
1314 1072 1473 1103 Bonifacii
1508 1073 1595 1111 Pape
1626 1073 1743 1104 Octaui
1778 1083 1863 1105 anno

584 1121 732 1159 quinto.26
748 1122 953 1153 Presentibus
967 1122 1066 1153 fratre
1081 1122 1177 1153 Petro
1193 1122 1233 1153 de
1246 1122 1423 1161 Cormeliis,
1436 1122 1555 1153 ordinis
1569 1123 1707 1153 fratrum
1722 1123 1863 1161 predica-

583 1174 701 1209 torum,
717 1171 874 1203 Nicholao
890 1172 977 1203 dicto
993 1173 1110 1209 Huese,
1128 1172 1251 1203 Clerico
1268 1172 1364 1203 Curie
1379 1172 1564 1203 Parisiensis
1580 1172 1706 1203 notario
1722 1173 1863 1211 iurato‚²⁷

583 1224 616 1251 et
632 1221 775 1259 pluribus
792 1222 860 1253 aliis
877 1222 1014 1253 testibus
1031 1222 1071 1252 ad
1089 1222 1251 1260 premissa.

634 1271 677 1301 Et
691 1281 748 1309 ego
763 1272 922 1302 Iohannes
936 1272 975 1302 de
987 1273 1116 1309 Beroto,
1131 1272 1261 1303 clericus
1275 1271 1487 1310 Ebroycensis
1501 1271 1643 1309 diocesis,
1656 1272 1697 1302 ad
1709 1272 1862 1303 honorem

582 1323 783 1352 sacrosancte
800 1322 912 1352 matris
929 1322 1057 1353 ecclesie
1072 1322 1227 1360 Romane,
1242 1321 1323 1352 sacri
1338 1321 1438 1352 eciam
1454 1321 1578 1360 imperii
1592 1321 1680 1352 urbis
1697 1322 1779 1353 alme
1793 1332 1863 1360 pre-

581 1370 657 1401 fecti
678 1371 824 1409 publicus
845 1371 1002 1402 auctorite
1023 1371 1177 1410 notarius,
1199 1372 1382 1402 huiusmodi
1402 1371 1526 1402 litteras
1546 1371 1760 1410 Apostolicas,
1782 1381 1863 1410 quas

581 1420 647 1450 vidi
664 1431 728 1451 non
744 1421 891 1459 abolitas,
910 1432 974 1452 non
991 1422 1192 1459 cancellatas,
1210 1432 1275 1453 non
1291 1421 1431 1459 abrasas,
1449 1431 1506 1452 nec
1523 1421 1555 1451 in
1572 1421 1680 1459 aliqua
1695 1431 1754 1452 sua
1770 1425 1862 1459 parte

581 1470 725 1508 viciatas,
746 1471 806 1501 sub
827 1471 910 1502 veris
930 1471 1017 1502 bulla
1037 1474 1070 1502 et
1090 1471 1149 1502 filis
1169 1471 1275 1502 sericis
1295 1471 1520 1509 pendentibus,
1542 1474 1639 1509 prout
1658 1471 1762 1509 prima
1782 1471 1863 1502 facie

580 1520 769 1559 apparebat,
786 1521 954 1559 diligenter
969 1531 1006 1552 ac
1022 1521 1158 1552 fideliter
1173 1521 1352 1559 exemplaui
1367 1524 1400 1552 et
1416 1520 1611 1559 transcripsi,
1628 1520 1724 1551 nichil
1741 1521 1862 1552 addens

580 1570 630 1601 vel
651 1570 845 1602 subtrahens
866 1571 898 1601 in
920 1571 1062 1602 diccione
1083 1571 1134 1602 vel
1155 1571 1278 1609 sillaba,
1301 1571 1387 1609 quod
1409 1574 1516 1602 mutet
1536 1581 1664 1602 sensum
1686 1574 1744 1602 aut
1765 1570 1863 1602 viciet

579 1619 788 1659 intellectum,
809 1631 1002 1659 presensque
1021 1621 1202 1659 exemplum
1221 1621 1272 1652 vel
1292 1620 1523 1659 transcriptum
1543 1630 1600 1659 per
1617 1630 1669 1651 me
1688 1623 1721 1651 et
1739 1620 1863 1652 Auber-

579 1673 661 1708 tum,
677 1670 919 1709 infrascriptum
935 1670 1109 1708 notarium,
1127 1681 1201 1702 cum
1216 1670 1293 1709 ipsis
1308 1670 1423 1702 litteris
1439 1670 1646 1708 ascultatum,
1663 1670 1696 1701 in
1712 1670 1863 1714 omnibus

579 1730 652 1751 cum
671 1720 747 1759 ipsis
766 1721 958 1752 concordare
978 1724 1150 1759 repertum,
1171 1721 1300 1759 propria
1318 1731 1417 1751 manu
1436 1720 1556 1758 scripsi,
1576 1723 1610 1751 et
1628 1720 1660 1750 in
1679 1720 1762 1751 hanc
1781 1720 1862 1758 pub-

578 1769 672 1800 licam
689 1770 826 1801 formam
843 1770 958 1809 redegi,
975 1781 1148 1809 meumque
1163 1770 1318 1809 signum²⁸
1331 1780 1396 1801 una
1412 1780 1484 1801 cum
1500 1769 1602 1808 sigillo
1615 1769 1702 1800 dicte
1716 1769 1813 1801 Curie
1828 1773 1862 1801 et

578 1819 668 1858 signo
693 1820 771 1851 dicti
795 1821 845 1858 A„
871 1820 1067 1859 infrascripti
1091 1820 1218 1858 notarii,
1245 1820 1448 1858 presentibus
1472 1819 1616 1858 apposui,
1644 1822 1775 1858 rogatus
1800 1820 1861 1850 sub

579 1879 673 1907 anno,
691 1870 881 1908 Indictione,
899 1880 1017 1907 mense,
1035 1870 1095 1908 die,
1114 1870 1310 1901 Pontificatu
1326 1873 1359 1901 et
1375 1869 1444 1900 loco
1461 1869 1647 1907 predictis.²²⁹

634 1919 712 1957 Ego,
744 1920 908 1951 Aubertus
939 1920 978 1950 de
1011 1919 1217 1957 Matonujlla,
1250 1919 1381 1951 clericus
1413 1918 1683 1957 Rothomagensis
1715 1918 1859 1957 diocesis,

578 1969 764 2007 Apostolica
778 1969 924 2008 publicus
939 1969 1134 2000 auctoritate
1148 1969 1302 2007 notarius,
1319 1969 1503 2000 huiusmodi
1517 1969 1642 2000 litteras
1656 1968 1859 2007 Apostolicas

578 2019 654 2057 vidi,
678 2019 767 2050 tenui
789 2023 822 2050 et
844 2019 903 2058 legi
926 2029 990 2050 non
1013 2019 1214 2058 cancellatas,
1238 2029 1302 2050 non
1325 2019 1472 2057 abolitas,
1496 2029 1561 2050 non
1583 2018 1724 2057 abrasas,
1747 2028 1805 2050 nec
1826 2018 1860 2049 in

517 2102 583 2127 1296
594 2101 648 2127 and
658 2102 691 2126 22
701 2101 779 2134 June,
789 2102 864 2133 1297,
875 2104 924 2127 not
935 2104 964 2127 to
974 2109 1029 2134 any
1038 2109 1161 2133 vacancy
1213 2101 1260 2127 the
1273 2101 1373 2127 former
1387 2100 1434 2126 the
1447 2100 1502 2126 seal
1516 2108 1571 2126 was
1584 2100 1715 2126 attached
1728 2100 1766 2132 by
1779 2109 1796 2126 a
1809 2099 1860 2126 silk

515 2138 624 2164 created
648 2138 676 2164 in
703 2140 777 2171 1304,
803 2147 834 2164 as
858 2139 907 2164 has
932 2139 1000 2164 been
1024 2138 1161 2171 supposed
1213 2138 1285 2170 cord,
1306 2141 1336 2164 to
1355 2138 1403 2164 the
1421 2138 1504 2164 latter
1522 2137 1561 2170 by
1580 2146 1597 2163 a
1615 2137 1702 2169 string
1721 2138 1749 2163 of
1768 2137 1859 2170 hemp.

517 2176 659 2206 (Northern
674 2176 868 2208 Convocations,
884 2176 994 2202 Surtees
1008 2176 1067 2202 Soc.
1085 2177 1159 2208 1907,
1213 2176 1247 2202 R.
1265 2176 1295 2201 L.
1314 2175 1403 2207 Poole,
1422 2175 1509 2208 Papal
1526 2175 1660 2207 chance-y
1679 2175 1780 2207 (1915),
1801 2176 1858 2201 115.

514 2221 541 2245 p.
554 2214 610 2243 60).
1257 2215 1276 2229 ²⁴¹
1295 2213 1354 2239 The
1365 2213 1421 2239 bull
1433 2222 1497 2245 may
1511 2213 1545 2238 be
1556 2212 1642 2238 found
1655 2212 1684 2238 in
1695 2212 1818 2238 abstract
1830 2212 1859 2238 in

559 2252 578 2266 ²²
596 2250 655 2277 The
666 2259 747 2283 space
755 2251 797 2277 for
808 2251 854 2277 the
866 2259 946 2277 name
957 2250 1039 2277 isleft
1050 2253 1159 2283 vacant,
1213 2250 1350 2282 Potthast,
1370 2251 1485 2282 Reyesta,
1507 2258 1552 2276 no.
1572 2251 1666 2282 24513,
1688 2250 1743 2276 and
1763 2249 1791 2275 in
1810 2248 1859 2275 full

514 2287 565 2314 but
578 2288 625 2314 the
638 2297 718 2314 name
731 2288 759 2314 of
773 2289 864 2314 Huese
876 2288 899 2314 is
912 2288 992 2321 given
1005 2291 1035 2315 at
1047 2288 1095 2314 the
1108 2288 1161 2314 end
1211 2288 1240 2314 in
1261 2288 1373 2320 Dupuy,
1394 2288 1422 2314 H
1423 2289 1465 2314 ist.
1484 2288 1522 2313 du
1539 2287 1674 2319 differenti,
1694 2295 1721 2319 p.
1742 2288 1784 2319 29,
1804 2287 1860 2313 and

513 2325 542 2351 of
555 2325 602 2351 the
614 2326 788 2352 instrument.
1211 2325 1239 2351 in
1254 2325 1399 2358 Muratori,
1414 2326 1505 2357 Anttq.
1519 2324 1582 2350 Ital.
1596 2324 1632 2357 vi,
1649 2325 1707 2351 189.

558 2364 576 2379 ²³
595 2363 683 2389 There
706 2372 774 2389 were
800 2366 855 2389 two
881 2363 978 2389 classes
1004 2363 1032 2389 of
1057 2363 1158 2395 letters,
1256 2364 1277 2379 ²⁵
1295 2363 1319 2388 A
1336 2362 1466 2394 Templar
1481 2362 1510 2388 of
1523 2361 1578 2388 this
1594 2370 1675 2387 name
1691 2370 1747 2388 was
1763 2369 1815 2387 one
1832 2361 1861 2388 of

512 2399 607 2426 letters
622 2401 649 2426 of
664 2409 742 2432 grace
757 2401 812 2426 and
827 2401 921 2427 letters
935 2401 963 2427 of
978 2400 1084 2433 justice.
1118 2401 1160 2426 To
1212 2400 1259 2426 the
1279 2400 1390 2432 knights
1411 2399 1596 2432 interrogated
1616 2399 1644 2424 in
1665 2399 1713 2425 the
1733 2398 1810 2425 trials
1830 2399 1859 2425 of
