2112 2901
318 1011 354 1031 De
364 1011 481 1033 fiberando

316 1047 340 1064 et
351 1045 479 1069 recipiendo

315 1077 330 1098 J
332 1077 444 1098 ohannem

316 1110 389 1131 Forde

386 1767 466 1799 1439

506 145 575 181 104
785 157 905 182 CAsEs
932 157 1092 182 BEFORE
1119 157 1199 182 THE
1227 157 1365 182 KING’s
1393 157 1569 183 COUNCIL

502 233 675 264 carectario
702 234 864 272 reciperet,
891 238 924 265 et
950 235 982 266 in
1008 246 1083 266 casu
1109 245 1174 274 quo
1200 235 1362 274 predictus
1388 235 1550 266 Gerardus
1575 235 1713 266 solueret
1738 235 1841 266 eidem

501 283 641 314 Johanni
662 284 778 314 Cranle
798 284 839 315 ad
860 295 941 323 opus
961 285 1095 323 predicti
1115 284 1255 316 Johanni
1276 285 1378 315 Forde
1398 288 1472 316 octo
1491 285 1597 323 libras,
1619 288 1736 315 extunc
1756 285 1841 316 idem

501 333 519 363 J
523 333 665 363 ohannes
678 333 794 364 Cranle
808 344 943 372 paccum
957 334 1137 372 predictiun
1151 334 1295 372 predicto
1308 334 1452 365 Gerardo
1465 334 1532 365 sine
1545 334 1701 365 dilacione
1714 334 1840 366 liberari

502 382 630 413 faceret.
676 383 889 415 Examinatus
912 384 1012 414 eciam
1036 384 1121 415 idem
1143 384 1307 415 Johannes
1330 384 1433 415 Forde
1456 384 1528 422 quis
1550 384 1601 415 vel
1624 383 1679 422 qui
1702 384 1840 415 eundem

501 443 636 471 paccum
655 433 804 470 paccauit
820 433 887 464 siue
906 437 1082 472 paccarunt
1099 437 1132 464 et
1150 444 1214 472 quo
1232 434 1338 472 modo,
1357 433 1442 464 idem
1460 434 1478 465 J
1481 433 1623 464 ohannes
1641 433 1744 464 Forde
1762 433 1841 465 dicit

501 482 588 520 quod
600 482 666 520 ipse
679 486 711 513 et
723 483 885 521 predictus
896 484 1058 514 Gerardus
1071 484 1103 514 in
1115 484 1201 514 dicta
1214 483 1345 514 ciuitate
1358 483 1514 521 Loudon‘,
1527 483 1685 521 videlicet,
1698 483 1730 513 in
1744 483 1840 514 domo

500 531 600 570 ipsius
622 532 779 563 Johannis
802 533 905 564 Forde
928 533 960 564 in
985 533 1136 572 parochia
1159 533 1269 564 Sancti
1292 533 1457 564 Dimstani
1468 534 1489 551 ¹²
1511 533 1544 563 in
1564 533 1592 563 le
1612 533 1673 563 Est
1693 533 1839 563 London'

501 581 624 612 dictum
646 592 781 620 paccum
802 583 886 614 inter
906 593 938 613 se
960 586 1145 621 paccarunt,
1169 583 1327 621 ponendo,
1350 583 1524 621 paccando,
1547 582 1785 621 suppeditando
1806 585 1840 614 et

500 631 634 662 firmiter
654 632 827 670 premendo
847 632 955 664 lanam
976 633 1154 671 predictam
1174 633 1258 663 inter
1277 643 1401 671 pannos
1420 632 1529 663 laneos
1549 632 1709 670 predictos
1728 635 1761 663 et
1782 632 1840 663 cir-

501 681 736 712 cumuoluendo
760 682 922 713 subtiliter
945 683 1081 714 eandem
1105 683 1213 713 lanam
1238 693 1311 713 011111
1335 683 1496 721 aliquibus
1521 682 1635 720 pannis
1660 682 1699 713 de
1724 682 1840 720 pannis

500 731 651 769 predictis
666 742 704 762 ex
719 732 863 770 qualibet
879 736 970 771 parte
985 733 1129 772 ejusdcm
1145 732 1216 763 lane
1232 732 1263 762 in
1279 732 1440 771 aliquibus
1455 732 1569 770 pannis
1585 732 1624 762 de
1640 731 1754 770 pannis
1770 742 1839 770 pre-

499 781 603 819 dictis,
619 792 655 812 ac
670 781 770 812 eciam
785 782 1065 813 circumuoluendo
1079 782 1216 813 eundem
1231 793 1365 820 paccum
1380 782 1628 820 circumquaque
1643 792 1716 813 cum
1730 791 1838 820 panno

498 830 581 861 lineo
603 831 644 862 ad
670 832 803 862 modum
828 842 999 870 paccorum
1024 832 1189 863 laneorum
1215 832 1323 862 taliter
1348 832 1434 870 quod
1460 831 1609 862 omnibus
1634 831 1839 862 estimaretur

499 890 615 919 paccus
632 892 704 912 cum
721 881 835 919 pannis
851 882 949 913 laneis
965 885 997 912 et
1013 892 1077 912 non
1094 892 1166 912 cum
1182 881 1343 920 aliquibus
1358 881 1474 912 lanis.¹³

497 963 524 993 B

552 1013 620 1043 Rex
647 1014 772 1044 custodi
798 1014 923 1052 prisone
948 1017 1056 1045 nostre
1082 1014 1121 1044 de
1146 1014 1236 1044 Flete
1261 1013 1311 1044 vel
1337 1013 1406 1052 ejus
1431 1013 1663 1044 locumtenenti
1687 1013 1836 1044 salutem.

496 1062 693 1101 Precipimus
714 1063 774 1094 tibi
796 1064 882 1102 quod
903 1064 1085 1094 Johannem
1107 1064 1209 1094 Forde
1231 1063 1386 1094 seniorem
1405 1063 1444 1094 de
1462 1063 1607 1094 London'
1630 1073 1751 1093 mercer
1776 1063 1836 1093 sub

496 1113 642 1143 custodia
658 1116 715 1143 tua
730 1113 899 1144 detentum
913 1113 1033 1144 habeas
1047 1114 1135 1152 apud
1150 1113 1472 1144 Westmonasteriiun
1488 1113 1538 1143 die
1552 1113 1676 1143 veneris
1691 1112 1836 1151 proximo

494 1161 604 1193 futuro
625 1166 658 1193 et
679 1163 785 1201 ipsum
806 1163 925 1194 ibidem
946 1163 1190 1194 vicecomitibus
1210 1163 1327 1194 nostris
1346 1163 1491 1193 London’
1511 1163 1553 1193 ad
1576 1163 1681 1200 ipsum
1704 1173 1760 1201 per
1781 1172 1835 1193 eos

492 1212 553 1242 sub
568 1216 655 1243 certa
670 1212 773 1244 forma
788 1223 843 1251 per
856 1224 915 1244 nos
929 1213 989 1244 sibi
1008 1213 1086 1244 data
1101 1213 1143 1243 ob
1159 1213 1314 1244 demerita
1330 1223 1387 1243 sua
1403 1212 1626 1251 castigandum
1648 1215 1681 1243 et
1702 1212 1836 1250 punien-

493 1262 571 1292 dum
585 1263 606 1280 ¹⁴¹
619 1262 741 1300 liberes,
756 1266 788 1293 et
802 1263 907 1301 ipsum
921 1263 964 1294 sic
979 1263 1171 1301 castigatum
1185 1266 1218 1293 et
1232 1262 1382 1301 punitum
1395 1273 1414 1293 a
1428 1262 1578 1300 predictis
1592 1261 1834 1293 vicecomitibus

492 1311 626 1349 recipias
641 1315 673 1342 et
688 1312 794 1350 ipsum
809 1313 841 1343 in
857 1313 985 1351 prisona
1000 1313 1145 1351 predicta
1160 1323 1327 1351 quousque
1343 1322 1400 1350 pro
1415 1312 1484 1351 ejus
1500 1312 1730 1343 deliberacione
1745 1311 1833 1342 aliud

491 1371 511 1392 a
532 1361 625 1392 nobis
646 1362 823 1393 habueritis
844 1363 877 1393 in
898 1363 1062 1393 mandatis
1083 1362 1173 1393 saluo
1195 1365 1227 1393 et
1249 1372 1357 1393 secure
1380 1362 1533 1393 custodiri
1554 1361 1663 1392 facias.
1707 1362 1751 1392 Et
1773 1361 1833 1392 hoc

491 1411 675 1442 nullatenus
692 1412 834 1443 omittas.
874 1412 1108 1443 Mandauimus
1124 1412 1209 1443 enim
1226 1412 1345 1442 eisdem
1362 1411 1606 1442 vicecomitibus
1623 1411 1709 1449 quod
1726 1411 1833 1449 ipsum

490 1461 671 1491 Johannem
686 1472 705 1492 a
720 1465 752 1492 te
767 1462 923 1500 recipiant
937 1465 970 1493 et
985 1472 1058 1492 eum
1073 1462 1189 1493 iterato
1205 1462 1264 1492 tibi
1279 1461 1455 1492 deliberent
1470 1461 1502 1492 in
1517 1461 1620 1492 forma
1635 1461 1832 1499 supradicta.

490 1510 587 1541 Teste
603 1511 690 1549 Rege
705 1512 792 1550 apud
808 1512 1130 1543 Westmonasterium
1147 1512 1210 1550 xvij
1230 1512 1280 1542 die
1295 1511 1393 1542 Junii.

1296 1571 1352 1599 per
1367 1561 1463 1592 breue
1479 1561 1517 1591 de
1534 1561 1662 1599 priuato
1678 1560 1789 1599 sigillo.

490 1710 518 1740 A
721 1683 1017 1711 EXAMINATION
1040 1683 1140 1712 INTO
1162 1683 1244 1710 THE
1267 1682 1462 1711 BEDFORD
1485 1681 1602 1710 ΒΙΟΤ1

545 1760 589 1790 Η1
608 1763 685 1791 511111
704 1761 831 1792 articuli
856 1761 1130 1792 examinationum
1154 1761 1226 1799 iiijor
1251 1760 1393 1799 partium
1418 1760 1622 1798 sequentium
1647 1759 1830 1798 infrascrip-

490 1812 597 1840 tarum
616 1810 766 1841 videlicet
785 1811 909 1841 Thome
929 1811 1070 1841 Wauton
1091 1810 1210 1847 militis,
1232 1814 1293 1840 etc.
1335 1810 1379 1840 Et
1399 1810 1619 1848 responsiones
1638 1809 1679 1840 ad
1700 1810 1829 1840 eosdem

489 1859 650 1890 articulos.

558 1934 756 1965 Translation
765 1945 821 1965 :—

543 1934 646 2015 ishese
671 1995 724 2015 are
749 1984 803 2015 the
822 1934 955 2015 ]articles
979 1984 1012 2015 of
1036 1984 1252 2015 examination
1278 1984 1312 2014 of
1336 1984 1391 2014 the
1416 1983 1488 2014 four
1512 1983 1673 2022 following
1698 1983 1827 2022 parties,

488 2032 652 2065 described
671 2034 781 2072 below,
801 2034 933 2078 namely<
948 2034 1090 2065 Thomas
1108 2035 1249 2065 Wauton
1269 2033 1393 2072 knight,
1414 2037 1485 2071 010.,
1505 2033 1570 2064 and
1589 2033 1672 2064 their
1689 2044 1829 2064 answers

488 2087 522 2114 to
538 2084 593 2114 the
609 2094 696 2115 same
712 2084 847 2115 articles.

523 2156 542 2171 ¹²
560 2155 593 2180 In
621 2155 718 2181 Tower
746 2154 839 2180 Ward.
886 2154 1133 2186 Kingsford-Stow,
1178 2154 1301 2186 prisoner
1316 2154 1397 2186 being
1413 2153 1533 2185 brought
1548 2153 1623 2179 forth
1639 2153 1710 2179 from
1726 2153 1781 2185 day
1797 2156 1827 2180 to

486 2191 503 2223 i,
520 2193 578 2218 134.
1178 2192 1233 2224 day
1249 2195 1277 2217 to
1292 2191 1375 2217 stand
1391 2191 1455 2217 thus
1470 2191 1498 2216 in
1513 2191 1635 2223 disgrace
1650 2191 1692 2216 for
1707 2199 1742 2217 an
1757 2191 1827 2217 hour

519 2230 536 2245 ¹³
549 2229 592 2255 On
601 2229 667 2255 such
676 2229 803 2255 methods
811 2229 840 2255 of
846 2229 1000 2261 smuggling
1008 2238 1051 2255 see
1059 2229 1135 2255 Stat-
1177 2238 1208 2255 or
1221 2238 1295 2255 more
1309 2233 1339 2254 at
1352 2238 1369 2255 a
1382 2229 1458 2254 time.
1490 2228 1653 2254 Sometimes
1667 2228 1744 2254 there
1757 2237 1827 2254 were

487 2269 534 2292 ute
548 2268 564 2292 8
577 2267 648 2292 Hen.
662 2267 709 2299 VI,
722 2276 744 2293 0.
758 2268 802 2299 22;
817 2267 873 2292 also
886 2267 992 2292 Introd.
1004 2275 1030 2299 p.
1045 2267 1096 2293 cxi.
1176 2266 1316 2292 exhibited
1332 2266 1441 2292 articles
1456 2266 1611 2298 suggestive
1626 2266 1655 2292 of
1671 2265 1717 2292 the
1734 2265 1824 2297 crime,

522 2305 540 2320 ¹⁴
560 2304 698 2336 Probably
717 2304 764 2330 the
783 2304 881 2336 pillory
899 2313 955 2330 was
974 2304 1020 2330 the
1040 2313 1134 2330 means
1177 2312 1207 2329 as
1224 2303 1302 2329 when
1320 2303 1348 2329 in
1366 2303 1413 2329 the
1432 2312 1492 2329 case
1509 2303 1538 2329 of
1555 2312 1572 2329 a
1589 2303 1749 2329 fraudulent
1766 2303 1825 2329 coal

486 2341 515 2367 of
528 2341 724 2367 chastisement
738 2341 878 2367 intended.
910 2341 977 2367 This
991 2350 1046 2368 was
1061 2350 1133 2367 com-
1176 2341 1254 2367 seller
1270 2341 1389 2373 burning
1405 2341 1484 2367 sacks
1499 2349 1569 2366 were
1587 2343 1638 2372 put
1655 2343 1685 2366 at
1702 2340 1743 2366 his
1760 2340 1824 2366 feet.

486 2379 580 2411 monly
602 2379 667 2405 used
689 2379 716 2404 in
737 2379 796 2411 just
815 2379 883 2405 such
903 2388 920 2405 a
941 2387 1063 2410 manner,
1086 2378 1133 2404 the
1177 2379 1234 2404 Cal.
1248 2379 1430 2410 Later-books,
1444 2378 1480 2410 K,
1495 2380 1537 2410 95,
1551 2381 1604 2404 etc.
