<?xml version="1.0" encoding="UTF-8"?>
<!DOCTYPE html PUBLIC "-//W3C//DTD XHTML 1.0 Transitional//EN"
    "http://www.w3.org/TR/xhtml1/DTD/xhtml1-transitional.dtd">
<html xmlns="http://www.w3.org/1999/xhtml" xml:lang="en" lang="en">
 <head>
  <title>
</title>
<meta http-equiv="Content-Type" content="text/html;charset=utf-8" />
  <meta name='ocr-system' content='tesseract 3.04.00' />
  <meta name='ocr-capabilities' content='ocr_page ocr_carea ocr_par ocr_line ocrx_word'/>
</head>
<body>
  <div class='ocr_page' id='page_1' title='image "./selectcasesbefor00englrich_0264.png"; bbox 0 0 2112 2901; ppageno 0'>
   <div class='ocr_carea' id='block_1_1' title="bbox 391 774 469 804">
    <p class='ocr_par' dir='ltr' id='par_1_1' title="bbox 391 774 469 804">
     <span class='ocr_line' id='line_1_1' title="bbox 391 774 469 804; baseline 0 0"><span class='ocrx_word' id='word_1_1' title='bbox 391 774 469 804; x_wconf 86' lang='lat'>1383</span> 
     </span>
    </p>
   </div>
   <div class='ocr_carea' id='block_1_2' title="bbox 493 161 1555 197">
    <p class='ocr_par' dir='ltr' id='par_1_2' title="bbox 493 161 1555 197">
     <span class='ocr_line' id='line_1_2' title="bbox 493 161 1555 197; baseline 0.001 -1"><span class='ocrx_word' id='word_1_2' title='bbox 493 161 537 197; x_wconf 81' lang='lat'>71</span> <span class='ocrx_word' id='word_1_3' title='bbox 773 172 894 197; x_wconf 80' lang='lat' dir='ltr'>CASES</span> <span class='ocrx_word' id='word_1_4' title='bbox 920 171 1080 197; x_wconf 85' lang='lat' dir='ltr'><strong>BEFORE</strong></span> <span class='ocrx_word' id='word_1_5' title='bbox 1107 171 1187 196; x_wconf 87' lang='lat' dir='ltr'>THE</span> <span class='ocrx_word' id='word_1_6' title='bbox 1215 172 1352 197; x_wconf 81' lang='lat' dir='ltr'>KING’S</span> <span class='ocrx_word' id='word_1_7' title='bbox 1380 172 1555 197; x_wconf 88' lang='lat' dir='ltr'>COUNCIL</span> 
     </span>
    </p>
   </div>
   <div class='ocr_carea' id='block_1_3' title="bbox 493 249 1836 537">
    <p class='ocr_par' dir='ltr' id='par_1_3' title="bbox 493 249 1836 537">
     <span class='ocr_line' id='line_1_3' title="bbox 549 249 1834 288; baseline 0 -8"><span class='ocrx_word' id='word_1_8' title='bbox 549 250 659 288; x_wconf 86' lang='lat' dir='ltr'>Quant</span> <span class='ocrx_word' id='word_1_9' title='bbox 671 260 689 280; x_wconf 80' lang='lat' dir='ltr'>a</span> <span class='ocrx_word' id='word_1_10' title='bbox 702 249 729 280; x_wconf 86' lang='lat' dir='ltr'>lc</span> <span class='ocrx_word' id='word_1_11' title='bbox 742 249 867 280; x_wconf 87' lang='lat' dir='ltr'>unzime</span> <span class='ocrx_word' id='word_1_12' title='bbox 880 249 990 280; x_wconf 90' lang='lat' dir='ltr'>article</span> <span class='ocrx_word' id='word_1_13' title='bbox 1003 249 1033 280; x_wconf 86' lang='lat' dir='ltr'>la</span> <span class='ocrx_word' id='word_1_14' title='bbox 1045 260 1087 280; x_wconf 90' lang='lat' dir='ltr'>ou</span> <span class='ocrx_word' id='word_1_15' title='bbox 1099 249 1120 280; x_wconf 94' lang='lat' dir='ltr'>il</span> <span class='ocrx_word' id='word_1_16' title='bbox 1133 249 1222 280; x_wconf 88' lang='lat' dir='ltr'>dient</span> <span class='ocrx_word' id='word_1_17' title='bbox 1234 259 1273 288; x_wconf 98' lang='lat' dir='ltr'>qe</span> <span class='ocrx_word' id='word_1_18' title='bbox 1285 259 1348 280; x_wconf 92' lang='lat' dir='ltr'>une</span> <span class='ocrx_word' id='word_1_19' title='bbox 1360 249 1499 287; x_wconf 85' lang='lat' dir='ltr'>singuler</span> <span class='ocrx_word' id='word_1_20' title='bbox 1511 259 1645 288; x_wconf 83' lang='lat' dir='ltr'>persone</span> <span class='ocrx_word' id='word_1_21' title='bbox 1657 259 1696 280; x_wconf 90' lang='lat' dir='ltr'>en</span> <span class='ocrx_word' id='word_1_22' title='bbox 1709 253 1834 288; x_wconf 81' lang='lat' dir='ltr'>trespas</span> 
     </span>
     <span class='ocr_line' id='line_1_4' title="bbox 494 299 1834 337; baseline 0.001 -8"><span class='ocrx_word' id='word_1_23' title='bbox 494 299 557 330; x_wconf 80' lang='lat' dir='ltr'>suit</span> <span class='ocrx_word' id='word_1_24' title='bbox 574 309 683 330; x_wconf 85' lang='lat' dir='ltr'>mcsnc</span> <span class='ocrx_word' id='word_1_25' title='bbox 702 309 740 329; x_wconf 84' lang='lat' dir='ltr'>cn</span> <span class='ocrx_word' id='word_1_26' title='bbox 760 309 935 337; x_wconf 87' lang='lat' dir='ltr'>respounce</span> <span class='ocrx_word' id='word_1_27' title='bbox 960 324 966 330; x_wconf 88' lang='lat'><strong>.</strong></span> <span class='ocrx_word' id='word_1_28' title='bbox 992 324 998 330; x_wconf 87' lang='lat'><strong><em>.</em></strong></span> <span class='ocrx_word' id='word_1_29' title='bbox 1025 324 1030 330; x_wconf 95' lang='lat'>.</span> <span class='ocrx_word' id='word_1_30' title='bbox 1054 303 1087 330; x_wconf 89' lang='lat' dir='ltr'>et</span> <span class='ocrx_word' id='word_1_31' title='bbox 1105 302 1257 330; x_wconf 86' lang='lat' dir='ltr'>encontre</span> <span class='ocrx_word' id='word_1_32' title='bbox 1277 309 1446 330; x_wconf 89' lang='lat' dir='ltr'>commune</span> <span class='ocrx_word' id='word_1_33' title='bbox 1464 299 1516 337; x_wconf 88' lang='lat' dir='ltr'>ley</span> <span class='ocrx_word' id='word_1_34' title='bbox 1535 299 1574 330; x_wconf 88' lang='lat' dir='ltr'>de</span> <span class='ocrx_word' id='word_1_35' title='bbox 1592 302 1675 330; x_wconf 89' lang='lat' dir='ltr'>terre</span> <span class='ocrx_word' id='word_1_36' title='bbox 1700 324 1706 330; x_wconf 96' lang='lat'>.</span> <span class='ocrx_word' id='word_1_37' title='bbox 1733 324 1739 330; x_wconf 92' lang='lat'><strong>.</strong></span> <span class='ocrx_word' id='word_1_38' title='bbox 1765 324 1770 330; x_wconf 95' lang='lat'>.</span> <span class='ocrx_word' id='word_1_39' title='bbox 1794 309 1834 329; x_wconf 88' lang='lat' dir='ltr'>en</span> 
     </span>
     <span class='ocr_line' id='line_1_5' title="bbox 494 348 1836 388; baseline -0.001 -8"><span class='ocrx_word' id='word_1_40' title='bbox 494 349 618 380; x_wconf 80' lang='lat' dir='ltr'>Suffolk</span> <span class='ocrx_word' id='word_1_41' title='bbox 635 348 747 380; x_wconf 79' lang='lat' dir='ltr'>scrroit</span> <span class='ocrx_word' id='word_1_42' title='bbox 763 348 826 379; x_wconf 89' lang='lat' dir='ltr'>mie</span> <span class='ocrx_word' id='word_1_43' title='bbox 843 359 924 387; x_wconf 90' lang='lat' dir='ltr'>pour</span> <span class='ocrx_word' id='word_1_44' title='bbox 939 353 1033 388; x_wconf 82' lang='lat' dir='ltr'>gentz</span> <span class='ocrx_word' id='word_1_45' title='bbox 1048 349 1087 379; x_wconf 87' lang='lat' dir='ltr'>(le</span> <span class='ocrx_word' id='word_1_46' title='bbox 1103 349 1253 380; x_wconf 80' lang='lat' dir='ltr'>Norffolk</span> <span class='ocrx_word' id='word_1_47' title='bbox 1266 359 1305 379; x_wconf 92' lang='lat' dir='ltr'>en</span> <span class='ocrx_word' id='word_1_48' title='bbox 1322 349 1350 379; x_wconf 90' lang='lat' dir='ltr'>le</span> <span class='ocrx_word' id='word_1_49' title='bbox 1364 349 1430 380; x_wconf 89' lang='lat' dir='ltr'>dite</span> <span class='ocrx_word' id='word_1_50' title='bbox 1444 350 1591 380; x_wconf 85' lang='lat' dir='ltr'>Countee</span> <span class='ocrx_word' id='word_1_51' title='bbox 1607 350 1630 368; x_wconf 77' lang='lat'>⁵⁹</span> <span class='ocrx_word' id='word_1_52' title='bbox 1655 374 1661 380; x_wconf 88' lang='lat'>.</span> <span class='ocrx_word' id='word_1_53' title='bbox 1687 373 1693 380; x_wconf 91' lang='lat'><strong>.</strong></span> <span class='ocrx_word' id='word_1_54' title='bbox 1720 373 1726 379; x_wconf 93' lang='lat'>.</span> <span class='ocrx_word' id='word_1_55' title='bbox 1750 359 1836 380; x_wconf 91' lang='lat' dir='ltr'>com-</span> 
     </span>
     <span class='ocr_line' id='line_1_6' title="bbox 493 398 1836 437; baseline 0.001 -9"><span class='ocrx_word' id='word_1_56' title='bbox 493 409 590 429; x_wconf 91' lang='lat' dir='ltr'>mune</span> <span class='ocrx_word' id='word_1_57' title='bbox 608 398 658 437; x_wconf 76' lang='lat' dir='ltr'>ley</span> <span class='ocrx_word' id='word_1_58' title='bbox 676 399 855 437; x_wconf 87' lang='lat' dir='ltr'>repellablc,</span> <span class='ocrx_word' id='word_1_59' title='bbox 874 410 933 437; x_wconf 83' lang='lat' dir='ltr'>par</span> <span class='ocrx_word' id='word_1_60' title='bbox 949 409 1034 437; x_wconf 85' lang='lat' dir='ltr'>quey</span> <span class='ocrx_word' id='word_1_61' title='bbox 1059 424 1065 430; x_wconf 88' lang='lat'>.</span> <span class='ocrx_word' id='word_1_62' title='bbox 1092 423 1097 430; x_wconf 96' lang='lat'>.</span> <span class='ocrx_word' id='word_1_63' title='bbox 1124 423 1130 430; x_wconf 92' lang='lat'>.</span> <span class='ocrx_word' id='word_1_64' title='bbox 1154 402 1263 430; x_wconf 74' lang='lat' dir='ltr'>tontes</span> <span class='ocrx_word' id='word_1_65' title='bbox 1277 403 1378 430; x_wconf 90' lang='lat' dir='ltr'>cestes</span> <span class='ocrx_word' id='word_1_66' title='bbox 1391 399 1542 430; x_wconf 84' lang='lat' dir='ltr'>matieres</span> <span class='ocrx_word' id='word_1_67' title='bbox 1556 409 1637 437; x_wconf 89' lang='lat' dir='ltr'>pour</span> <span class='ocrx_word' id='word_1_68' title='bbox 1650 398 1720 430; x_wconf 90' lang='lat' dir='ltr'>lour</span> <span class='ocrx_word' id='word_1_69' title='bbox 1734 398 1836 430; x_wconf 91' lang='lat' dir='ltr'>conis-</span> 
     </span>
     <span class='ocr_line' id='line_1_7' title="bbox 493 448 1836 487; baseline 0.001 -8"><span class='ocrx_word' id='word_1_70' title='bbox 493 458 589 479; x_wconf 89' lang='lat' dir='ltr'>sance</span> <span class='ocrx_word' id='word_1_71' title='bbox 611 448 760 479; x_wconf 83' lang='lat' dir='ltr'>demesne</span> <span class='ocrx_word' id='word_1_72' title='bbox 784 473 791 480; x_wconf 92' lang='lat'><strong>.</strong></span> <span class='ocrx_word' id='word_1_73' title='bbox 850 473 855 479; x_wconf 93' lang='lat'><strong>.</strong></span> <span class='ocrx_word' id='word_1_74' title='bbox 880 449 943 480; x_wconf 87' lang='lat' dir='ltr'>soit</span> <span class='ocrx_word' id='word_1_75' title='bbox 963 448 1078 487; x_wconf 83' lang='lat' dir='ltr'>repelle</span> <span class='ocrx_word' id='word_1_76' title='bbox 1100 459 1188 480; x_wconf 87' lang='lat' dir='ltr'>come</span> <span class='ocrx_word' id='word_1_77' title='bbox 1209 449 1261 487; x_wconf 91' lang='lat' dir='ltr'>ley</span> <span class='ocrx_word' id='word_1_78' title='bbox 1280 452 1313 480; x_wconf 88' lang='lat' dir='ltr'>et</span> <span class='ocrx_word' id='word_1_79' title='bbox 1334 459 1426 480; x_wconf 89' lang='lat' dir='ltr'>reson</span> <span class='ocrx_word' id='word_1_80' title='bbox 1451 474 1457 480; x_wconf 88' lang='lat'>.</span> <span class='ocrx_word' id='word_1_81' title='bbox 1483 473 1490 480; x_wconf 87' lang='lat'><strong>.</strong></span> <span class='ocrx_word' id='word_1_82' title='bbox 1515 473 1522 479; x_wconf 86' lang='lat'><strong>.</strong></span> <span class='ocrx_word' id='word_1_83' title='bbox 1545 452 1578 480; x_wconf 84' lang='lat' dir='ltr'>et</span> <span class='ocrx_word' id='word_1_84' title='bbox 1598 452 1654 480; x_wconf 84' lang='lat' dir='ltr'>ent</span> <span class='ocrx_word' id='word_1_85' title='bbox 1674 451 1836 487; x_wconf 79' lang='lat' dir='ltr'>tresgrant</span> 
     </span>
     <span class='ocr_line' id='line_1_8' title="bbox 494 498 1290 537; baseline 0.003 -9"><span class='ocrx_word' id='word_1_86' title='bbox 494 508 589 529; x_wconf 87' lang='lat' dir='ltr'>oeure</span> <span class='ocrx_word' id='word_1_87' title='bbox 605 498 643 528; x_wconf 88' lang='lat' dir='ltr'>dc</span> <span class='ocrx_word' id='word_1_88' title='bbox 660 498 781 530; x_wconf 81' lang='lat' dir='ltr'>charite</span> <span class='ocrx_word' id='word_1_89' title='bbox 797 499 899 537; x_wconf 91' lang='lat' dir='ltr'>p[our]</span> <span class='ocrx_word' id='word_1_90' title='bbox 916 499 961 530; x_wconf 88' lang='lat' dir='ltr'>les</span> <span class='ocrx_word' id='word_1_91' title='bbox 976 508 1162 530; x_wconf 88' lang='lat' dir='ltr'>communes</span> <span class='ocrx_word' id='word_1_92' title='bbox 1187 524 1192 530; x_wconf 90' lang='lat'><em>.</em></span> <span class='ocrx_word' id='word_1_93' title='bbox 1219 524 1225 530; x_wconf 88' lang='lat'>.</span> <span class='ocrx_word' id='word_1_94' title='bbox 1251 523 1257 529; x_wconf 93' lang='lat'>.</span> <span class='ocrx_word' id='word_1_95' title='bbox 1284 524 1290 530; x_wconf 94' lang='lat'>.</span> 
     </span>
    </p>
   </div>
   <div class='ocr_carea' id='block_1_4' title="bbox 505 653 1825 682">
    <p class='ocr_par' dir='ltr' id='par_1_4' title="bbox 505 653 1825 682">
     <span class='ocr_line' id='line_1_9' title="bbox 505 653 1825 682; baseline 0 -1"><span class='ocrx_word' id='word_1_96' title='bbox 505 653 776 682; x_wconf 77' lang='lat' dir='ltr'>CONFESSIONS</span> <span class='ocrx_word' id='word_1_97' title='bbox 800 653 850 681; x_wconf 91' lang='lat' dir='ltr'>OF</span> <span class='ocrx_word' id='word_1_98' title='bbox 872 653 1054 681; x_wconf 89' lang='lat' dir='ltr'>WILLIAM</span> <span class='ocrx_word' id='word_1_99' title='bbox 1078 653 1379 682; x_wconf 88' lang='lat' dir='ltr'><strong>CHAMBERLAIN</strong></span> <span class='ocrx_word' id='word_1_100' title='bbox 1403 653 1490 681; x_wconf 92' lang='lat' dir='ltr'>AND</span> <span class='ocrx_word' id='word_1_101' title='bbox 1512 653 1617 682; x_wconf 84' lang='lat' dir='ltr'>JOHN</span> <span class='ocrx_word' id='word_1_102' title='bbox 1641 653 1825 681; x_wconf 88' lang='lat' dir='ltr'>MARTIN¹</span> 
     </span>
    </p>
   </div>
   <div class='ocr_carea' id='block_1_5' title="bbox 493 715 521 745">
    <p class='ocr_par' dir='ltr' id='par_1_5' title="bbox 493 715 521 745">
     <span class='ocr_line' id='line_1_10' title="bbox 493 715 521 745; baseline 0 0"><span class='ocrx_word' id='word_1_103' title='bbox 493 715 521 745; x_wconf 96' lang='lat' dir='ltr'><strong>A</strong></span> 
     </span>
    </p>
   </div>
   <div class='ocr_carea' id='block_1_6' title="bbox 495 764 1845 1948">
    <p class='ocr_par' dir='ltr' id='par_1_6' title="bbox 495 764 1845 1948">
     <span class='ocr_line' id='line_1_11' title="bbox 551 764 1838 803; baseline 0.001 -8"><span class='ocrx_word' id='word_1_104' title='bbox 551 765 718 802; x_wconf 84' lang='lat' dir='ltr'>Ricardus,</span> <span class='ocrx_word' id='word_1_105' title='bbox 736 764 798 795; x_wconf 89' lang='lat' dir='ltr'>Dei</span> <span class='ocrx_word' id='word_1_106' title='bbox 814 764 920 803; x_wconf 88' lang='lat' dir='ltr'>gracia</span> <span class='ocrx_word' id='word_1_107' title='bbox 937 765 1005 796; x_wconf 85' lang='lat' dir='ltr'>Rex</span> <span class='ocrx_word' id='word_1_108' title='bbox 1021 764 1134 803; x_wconf 86' lang='lat' dir='ltr'>Anglie</span> <span class='ocrx_word' id='word_1_109' title='bbox 1150 768 1182 796; x_wconf 89' lang='lat' dir='ltr'>et</span> <span class='ocrx_word' id='word_1_110' title='bbox 1199 764 1332 795; x_wconf 88' lang='lat' dir='ltr'>Francie</span> <span class='ocrx_word' id='word_1_111' title='bbox 1347 768 1380 796; x_wconf 90' lang='lat' dir='ltr'>et</span> <span class='ocrx_word' id='word_1_112' title='bbox 1397 764 1557 795; x_wconf 83' lang='lat' dir='ltr'>Dominus</span> <span class='ocrx_word' id='word_1_113' title='bbox 1573 764 1736 802; x_wconf 88' lang='lat' dir='ltr'>Hibernie‚</span> <span class='ocrx_word' id='word_1_114' title='bbox 1754 764 1838 796; x_wconf 88' lang='lat' dir='ltr'>vice-</span> 
     </span>
     <span class='ocr_line' id='line_1_12' title="bbox 495 814 1838 853; baseline 0 -8"><span class='ocrx_word' id='word_1_115' title='bbox 495 814 605 846; x_wconf 78' lang='lat' dir='ltr'>comiti</span> <span class='ocrx_word' id='word_1_116' title='bbox 625 815 733 851; x_wconf 82' lang='lat' dir='ltr'>Essex,</span> <span class='ocrx_word' id='word_1_117' title='bbox 754 814 902 845; x_wconf 72' lang='lat' dir='ltr'>salutem</span> <span class='ocrx_word' id='word_1_118' title='bbox 944 815 1028 845; x_wconf 87' lang='lat' dir='ltr'>Cum</span> <span class='ocrx_word' id='word_1_119' title='bbox 1048 825 1104 852; x_wconf 88' lang='lat' dir='ltr'>per</span> <span class='ocrx_word' id='word_1_120' title='bbox 1122 814 1365 853; x_wconf 82' lang='lat' dir='ltr'>inquisicionem</span> <span class='ocrx_word' id='word_1_121' title='bbox 1385 825 1440 852; x_wconf 89' lang='lat' dir='ltr'>per</span> <span class='ocrx_word' id='word_1_122' title='bbox 1458 814 1639 846; x_wconf 81' lang='lat' dir='ltr'>Johannem</span> <span class='ocrx_word' id='word_1_123' title='bbox 1660 814 1756 845; x_wconf 88' lang='lat' dir='ltr'>Clerk</span> <span class='ocrx_word' id='word_1_124' title='bbox 1770 815 1780 832; x_wconf 84' lang='lat'><strong>²</strong></span> <span class='ocrx_word' id='word_1_125' title='bbox 1798 815 1838 845; x_wconf 87' lang='lat' dir='ltr'>de</span> 
     </span>
     <span class='ocr_line' id='line_1_13' title="bbox 495 864 1839 903; baseline 0 -8"><span class='ocrx_word' id='word_1_126' title='bbox 495 864 604 901; x_wconf 80' lang='lat' dir='ltr'>Ewell,</span> <span class='ocrx_word' id='word_1_127' title='bbox 621 875 722 903; x_wconf 86' lang='lat' dir='ltr'>nuper</span> <span class='ocrx_word' id='word_1_128' title='bbox 738 868 931 895; x_wconf 86' lang='lat' dir='ltr'>escaetorem</span> <span class='ocrx_word' id='word_1_129' title='bbox 948 868 1094 895; x_wconf 82' lang='lat' dir='ltr'>nostrum</span> <span class='ocrx_word' id='word_1_130' title='bbox 1111 864 1142 894; x_wconf 92' lang='lat' dir='ltr'>in</span> <span class='ocrx_word' id='word_1_131' title='bbox 1159 864 1316 895; x_wconf 87' lang='lat' dir='ltr'>comitatu</span> <span class='ocrx_word' id='word_1_132' title='bbox 1333 864 1487 902; x_wconf 86' lang='lat' dir='ltr'>predicto,</span> <span class='ocrx_word' id='word_1_133' title='bbox 1504 864 1544 895; x_wconf 88' lang='lat' dir='ltr'>de</span> <span class='ocrx_word' id='word_1_134' title='bbox 1558 864 1715 895; x_wconf 80' lang='lat' dir='ltr'>mandato</span> <span class='ocrx_word' id='word_1_135' title='bbox 1728 868 1839 895; x_wconf 89' lang='lat' dir='ltr'>nostro</span> 
     </span>
     <span class='ocr_line' id='line_1_14' title="bbox 495 913 1839 952; baseline -0.001 -7"><span class='ocrx_word' id='word_1_136' title='bbox 495 918 625 952; x_wconf 86' lang='lat' dir='ltr'>captam</span> <span class='ocrx_word' id='word_1_137' title='bbox 641 918 673 945; x_wconf 87' lang='lat' dir='ltr'>et</span> <span class='ocrx_word' id='word_1_138' title='bbox 688 914 720 944; x_wconf 92' lang='lat' dir='ltr'>in</span> <span class='ocrx_word' id='word_1_139' title='bbox 737 913 958 945; x_wconf 78' lang='lat' dir='ltr'>cancellariam</span> <span class='ocrx_word' id='word_1_140' title='bbox 974 917 1118 945; x_wconf 86' lang='lat' dir='ltr'>nostram</span> <span class='ocrx_word' id='word_1_141' title='bbox 1133 917 1333 945; x_wconf 84' lang='lat' dir='ltr'>retornatam</span> <span class='ocrx_word' id='word_1_142' title='bbox 1348 914 1389 944; x_wconf 88' lang='lat' dir='ltr'>sit</span> <span class='ocrx_word' id='word_1_143' title='bbox 1405 917 1606 952; x_wconf 89' lang='lat' dir='ltr'>compertum</span> <span class='ocrx_word' id='word_1_144' title='bbox 1621 914 1708 952; x_wconf 91' lang='lat' dir='ltr'>quod</span> <span class='ocrx_word' id='word_1_145' title='bbox 1724 913 1839 944; x_wconf 92' lang='lat' dir='ltr'>Henri-</span> 
     </span>
     <span class='ocr_line' id='line_1_15' title="bbox 495 963 1840 1002; baseline -0.001 -8"><span class='ocrx_word' id='word_1_146' title='bbox 495 975 551 995; x_wconf 90' lang='lat' dir='ltr'>cus</span> <span class='ocrx_word' id='word_1_147' title='bbox 569 964 608 994; x_wconf 88' lang='lat' dir='ltr'>de</span> <span class='ocrx_word' id='word_1_148' title='bbox 625 963 656 994; x_wconf 87' lang='lat' dir='ltr'>la</span> <span class='ocrx_word' id='word_1_149' title='bbox 674 963 869 994; x_wconf 86' lang='lat' dir='ltr'>Newelonde</span> <span class='ocrx_word' id='word_1_150' title='bbox 887 963 993 994; x_wconf 81' lang='lat' dir='ltr'>tenuit</span> <span class='ocrx_word' id='word_1_151' title='bbox 1009 963 1059 994; x_wconf 86' lang='lat' dir='ltr'>die</span> <span class='ocrx_word' id='word_1_152' title='bbox 1075 974 1140 1002; x_wconf 90' lang='lat' dir='ltr'>quo</span> <span class='ocrx_word' id='word_1_153' title='bbox 1157 963 1238 994; x_wconf 86' lang='lat' dir='ltr'>obiit</span> <span class='ocrx_word' id='word_1_154' title='bbox 1252 963 1284 993; x_wconf 94' lang='lat' dir='ltr'>in</span> <span class='ocrx_word' id='word_1_155' title='bbox 1301 963 1462 994; x_wconf 91' lang='lat' dir='ltr'>dominico</span> <span class='ocrx_word' id='word_1_156' title='bbox 1478 974 1535 994; x_wconf 87' lang='lat' dir='ltr'>suo</span> <span class='ocrx_word' id='word_1_157' title='bbox 1551 966 1588 994; x_wconf 88' lang='lat' dir='ltr'>ut</span> <span class='ocrx_word' id='word_1_158' title='bbox 1604 963 1644 994; x_wconf 89' lang='lat' dir='ltr'>de</span> <span class='ocrx_word' id='word_1_159' title='bbox 1660 963 1754 994; x_wconf 89' lang='lat' dir='ltr'>feodo</span> <span class='ocrx_word' id='word_1_160' title='bbox 1771 973 1840 994; x_wconf 85' lang='lat' dir='ltr'>ma-</span> 
     </span>
     <span class='ocr_line' id='line_1_16' title="bbox 495 1012 1839 1051; baseline 0.001 -8"><span class='ocrx_word' id='word_1_161' title='bbox 495 1013 619 1044; x_wconf 89' lang='lat' dir='ltr'>nerium</span> <span class='ocrx_word' id='word_1_162' title='bbox 632 1014 671 1044; x_wconf 85' lang='lat' dir='ltr'>de</span> <span class='ocrx_word' id='word_1_163' title='bbox 684 1013 879 1044; x_wconf 81' lang='lat' dir='ltr'>Newelonde</span> <span class='ocrx_word' id='word_1_164' title='bbox 892 1014 902 1032; x_wconf 77' lang='lat'><strong>³</strong></span> <span class='ocrx_word' id='word_1_165' title='bbox 915 1024 985 1043; x_wconf 88' lang='lat' dir='ltr'>cum</span> <span class='ocrx_word' id='word_1_166' title='bbox 1000 1013 1205 1051; x_wconf 79' lang='lat' dir='ltr'>pertinenciis</span> <span class='ocrx_word' id='word_1_167' title='bbox 1216 1013 1248 1043; x_wconf 92' lang='lat' dir='ltr'>in</span> <span class='ocrx_word' id='word_1_168' title='bbox 1261 1013 1413 1051; x_wconf 86' lang='lat' dir='ltr'>parochia</span> <span class='ocrx_word' id='word_1_169' title='bbox 1429 1013 1468 1044; x_wconf 89' lang='lat' dir='ltr'>de</span> <span class='ocrx_word' id='word_1_170' title='bbox 1480 1012 1593 1044; x_wconf 81' lang='lat' dir='ltr'>Writle</span> <span class='ocrx_word' id='word_1_171' title='bbox 1605 1013 1616 1030; x_wconf 79' lang='lat'>⁴¹</span> <span class='ocrx_word' id='word_1_172' title='bbox 1632 1013 1664 1043; x_wconf 93' lang='lat' dir='ltr'>in</span> <span class='ocrx_word' id='word_1_173' title='bbox 1681 1013 1839 1044; x_wconf 83' lang='lat' dir='ltr'>comitatu</span> 
     </span>
     <span class='ocr_line' id='line_1_17' title="bbox 496 1062 1840 1101; baseline 0.001 -8"><span class='ocrx_word' id='word_1_174' title='bbox 496 1063 650 1101; x_wconf 87' lang='lat' dir='ltr'>predicto,</span> <span class='ocrx_word' id='word_1_175' title='bbox 671 1067 704 1094; x_wconf 89' lang='lat' dir='ltr'>et</span> <span class='ocrx_word' id='word_1_176' title='bbox 723 1063 809 1101; x_wconf 88' lang='lat' dir='ltr'>quod</span> <span class='ocrx_word' id='word_1_177' title='bbox 828 1063 1008 1093; x_wconf 89' lang='lat' dir='ltr'>manerium</span> <span class='ocrx_word' id='word_1_178' title='bbox 1028 1063 1209 1101; x_wconf 87' lang='lat' dir='ltr'>predictum</span> <span class='ocrx_word' id='word_1_179' title='bbox 1228 1062 1378 1101; x_wconf 81' lang='lat' dir='ltr'>ten[etur]</span> <span class='ocrx_word' id='word_1_180' title='bbox 1399 1063 1438 1094; x_wconf 92' lang='lat' dir='ltr'>de</span> <span class='ocrx_word' id='word_1_181' title='bbox 1457 1062 1549 1094; x_wconf 90' lang='lat' dir='ltr'>nobis</span> <span class='ocrx_word' id='word_1_182' title='bbox 1568 1062 1600 1093; x_wconf 92' lang='lat' dir='ltr'>in</span> <span class='ocrx_word' id='word_1_183' title='bbox 1620 1062 1726 1101; x_wconf 85' lang='lat' dir='ltr'>capite</span> <span class='ocrx_word' id='word_1_184' title='bbox 1744 1066 1781 1094; x_wconf 81' lang='lat' dir='ltr'>ut</span> <span class='ocrx_word' id='word_1_185' title='bbox 1800 1063 1840 1094; x_wconf 92' lang='lat' dir='ltr'>de</span> 
     </span>
     <span class='ocr_line' id='line_1_18' title="bbox 496 1112 1841 1151; baseline 0 -8"><span class='ocrx_word' id='word_1_186' title='bbox 496 1113 627 1144; x_wconf 89' lang='lat' dir='ltr'>Honore</span> <span class='ocrx_word' id='word_1_187' title='bbox 643 1112 776 1143; x_wconf 91' lang='lat' dir='ltr'>Bolonie</span> <span class='ocrx_word' id='word_1_188' title='bbox 792 1123 848 1151; x_wconf 89' lang='lat' dir='ltr'>per</span> <span class='ocrx_word' id='word_1_189' title='bbox 862 1112 1030 1144; x_wconf 86' lang='lat' dir='ltr'>seruicium</span> <span class='ocrx_word' id='word_1_190' title='bbox 1048 1112 1143 1143; x_wconf 90' lang='lat' dir='ltr'>unius</span> <span class='ocrx_word' id='word_1_191' title='bbox 1158 1112 1243 1143; x_wconf 89' lang='lat' dir='ltr'>feodi</span> <span class='ocrx_word' id='word_1_192' title='bbox 1258 1112 1379 1150; x_wconf 86' lang='lat' dir='ltr'>militis,</span> <span class='ocrx_word' id='word_1_193' title='bbox 1396 1116 1429 1144; x_wconf 88' lang='lat' dir='ltr'>et</span> <span class='ocrx_word' id='word_1_194' title='bbox 1444 1112 1530 1151; x_wconf 89' lang='lat' dir='ltr'>quod</span> <span class='ocrx_word' id='word_1_195' title='bbox 1547 1112 1710 1151; x_wconf 87' lang='lat' dir='ltr'>predictus</span> <span class='ocrx_word' id='word_1_196' title='bbox 1726 1112 1841 1143; x_wconf 88' lang='lat' dir='ltr'>Henri-</span> 
     </span>
     <span class='ocr_line' id='line_1_19' title="bbox 497 1161 1841 1201; baseline 0 -7"><span class='ocrx_word' id='word_1_197' title='bbox 497 1173 552 1194; x_wconf 87' lang='lat' dir='ltr'>cus</span> <span class='ocrx_word' id='word_1_198' title='bbox 566 1162 647 1194; x_wconf 92' lang='lat' dir='ltr'>obiit</span> <span class='ocrx_word' id='word_1_199' title='bbox 662 1162 777 1201; x_wconf 86' lang='lat' dir='ltr'>quinto</span> <span class='ocrx_word' id='word_1_200' title='bbox 791 1162 842 1193; x_wconf 89' lang='lat' dir='ltr'>die</span> <span class='ocrx_word' id='word_1_201' title='bbox 858 1162 941 1193; x_wconf 88' lang='lat' dir='ltr'>Maii</span> <span class='ocrx_word' id='word_1_202' title='bbox 958 1173 1043 1193; x_wconf 87' lang='lat' dir='ltr'>anno</span> <span class='ocrx_word' id='word_1_203' title='bbox 1059 1162 1146 1201; x_wconf 86' lang='lat' dir='ltr'>regni</span> <span class='ocrx_word' id='word_1_204' title='bbox 1162 1162 1264 1194; x_wconf 80' lang='lat' dir='ltr'>nostri</span> <span class='ocrx_word' id='word_1_205' title='bbox 1280 1162 1388 1200; x_wconf 86' lang='lat' dir='ltr'>tercio,</span> <span class='ocrx_word' id='word_1_206' title='bbox 1405 1162 1557 1201; x_wconf 89' lang='lat' dir='ltr'>quodque</span> <span class='ocrx_word' id='word_1_207' title='bbox 1573 1161 1741 1200; x_wconf 85' lang='lat' dir='ltr'>Ricardus‚</span> <span class='ocrx_word' id='word_1_208' title='bbox 1757 1162 1841 1194; x_wconf 89' lang='lat' dir='ltr'>filius</span> 
     </span>
     <span class='ocr_line' id='line_1_20' title="bbox 496 1211 1841 1252; baseline 0 -9"><span class='ocrx_word' id='word_1_209' title='bbox 496 1212 641 1252; x_wconf 87' lang='lat' dir='ltr'>ejusdem</span> <span class='ocrx_word' id='word_1_210' title='bbox 668 1212 799 1243; x_wconf 89' lang='lat' dir='ltr'>Henrici</span> <span class='ocrx_word' id='word_1_211' title='bbox 824 1216 873 1243; x_wconf 88' lang='lat' dir='ltr'>est</span> <span class='ocrx_word' id='word_1_212' title='bbox 902 1212 992 1243; x_wconf 89' lang='lat' dir='ltr'>heres</span> <span class='ocrx_word' id='word_1_213' title='bbox 1022 1212 1091 1251; x_wconf 89' lang='lat' dir='ltr'>ejus</span> <span class='ocrx_word' id='word_1_214' title='bbox 1122 1211 1331 1251; x_wconf 85' lang='lat' dir='ltr'>propinquior</span> <span class='ocrx_word' id='word_1_215' title='bbox 1360 1216 1393 1243; x_wconf 90' lang='lat' dir='ltr'>et</span> <span class='ocrx_word' id='word_1_216' title='bbox 1422 1211 1505 1243; x_wconf 87' lang='lat' dir='ltr'>infra</span> <span class='ocrx_word' id='word_1_217' title='bbox 1534 1215 1669 1250; x_wconf 83' lang='lat' dir='ltr'>etatem3</span> <span class='ocrx_word' id='word_1_218' title='bbox 1709 1212 1841 1250; x_wconf 87' lang='lat' dir='ltr'>jamque</span> 
     </span>
     <span class='ocr_line' id='line_1_21' title="bbox 497 1261 1841 1300; baseline 0.001 -8"><span class='ocrx_word' id='word_1_219' title='bbox 497 1262 674 1293; x_wconf 85' lang='lat' dir='ltr'>Willelmus</span> <span class='ocrx_word' id='word_1_220' title='bbox 695 1263 735 1293; x_wconf 87' lang='lat' dir='ltr'>de</span> <span class='ocrx_word' id='word_1_221' title='bbox 756 1262 924 1300; x_wconf 83' lang='lat' dir='ltr'>Clopton‚5</span> <span class='ocrx_word' id='word_1_222' title='bbox 944 1262 1044 1300; x_wconf 87' lang='lat' dir='ltr'>miles,</span> <span class='ocrx_word' id='word_1_223' title='bbox 1066 1262 1159 1293; x_wconf 89' lang='lat' dir='ltr'>nobis</span> <span class='ocrx_word' id='word_1_224' title='bbox 1179 1261 1409 1300; x_wconf 88' lang='lat' dir='ltr'>supplicauerit</span> <span class='ocrx_word' id='word_1_225' title='bbox 1430 1265 1468 1293; x_wconf 85' lang='lat' dir='ltr'>ut</span> <span class='ocrx_word' id='word_1_226' title='bbox 1489 1272 1561 1292; x_wconf 87' lang='lat' dir='ltr'>cum</span> <span class='ocrx_word' id='word_1_227' title='bbox 1579 1262 1663 1293; x_wconf 86' lang='lat' dir='ltr'>idem</span> <span class='ocrx_word' id='word_1_228' title='bbox 1682 1262 1841 1293; x_wconf 90' lang='lat' dir='ltr'>Henricus</span> 
     </span>
     <span class='ocr_line' id='line_1_22' title="bbox 497 1311 1842 1350; baseline -0.001 -7"><span class='ocrx_word' id='word_1_229' title='bbox 497 1312 552 1343; x_wconf 89' lang='lat' dir='ltr'>diu</span> <span class='ocrx_word' id='word_1_230' title='bbox 570 1316 646 1343; x_wconf 85' lang='lat' dir='ltr'>ante</span> <span class='ocrx_word' id='word_1_231' title='bbox 662 1316 799 1343; x_wconf 88' lang='lat' dir='ltr'>mortem</span> <span class='ocrx_word' id='word_1_232' title='bbox 818 1322 910 1343; x_wconf 80' lang='lat' dir='ltr'>suam</span> <span class='ocrx_word' id='word_1_233' title='bbox 928 1322 984 1350; x_wconf 92' lang='lat' dir='ltr'>per</span> <span class='ocrx_word' id='word_1_234' title='bbox 1001 1315 1124 1343; x_wconf 81' lang='lat' dir='ltr'>cartam</span> <span class='ocrx_word' id='word_1_235' title='bbox 1145 1322 1237 1343; x_wconf 88' lang='lat' dir='ltr'>suam</span> <span class='ocrx_word' id='word_1_236' title='bbox 1258 1311 1439 1350; x_wconf 84' lang='lat' dir='ltr'>predictum</span> <span class='ocrx_word' id='word_1_237' title='bbox 1456 1311 1651 1342; x_wconf 90' lang='lat' dir='ltr'>Willelmum</span> <span class='ocrx_word' id='word_1_238' title='bbox 1673 1315 1705 1342; x_wconf 92' lang='lat' dir='ltr'>et</span> <span class='ocrx_word' id='word_1_239' title='bbox 1722 1311 1842 1342; x_wconf 89' lang='lat' dir='ltr'>Willel-</span> 
     </span>
     <span class='ocr_line' id='line_1_23' title="bbox 496 1361 1840 1400; baseline 0.001 -8"><span class='ocrx_word' id='word_1_240' title='bbox 496 1373 586 1392; x_wconf 89' lang='lat' dir='ltr'>mum</span> <span class='ocrx_word' id='word_1_241' title='bbox 611 1361 849 1400; x_wconf 87' lang='lat' dir='ltr'>Chamberleyn</span> <span class='ocrx_word' id='word_1_242' title='bbox 865 1363 875 1380; x_wconf 68' lang='grc' dir='ltr'>θ</span> <span class='ocrx_word' id='word_1_243' title='bbox 898 1362 937 1392; x_wconf 86' lang='lat' dir='ltr'>de</span> <span class='ocrx_word' id='word_1_244' title='bbox 960 1362 1194 1400; x_wconf 88' lang='lat' dir='ltr'>Wambergge‚⁷</span> <span class='ocrx_word' id='word_1_245' title='bbox 1218 1361 1430 1400; x_wconf 80' lang='lat' dir='ltr'>capellanum,</span> <span class='ocrx_word' id='word_1_246' title='bbox 1455 1361 1494 1392; x_wconf 90' lang='lat' dir='ltr'>de</span> <span class='ocrx_word' id='word_1_247' title='bbox 1516 1361 1661 1392; x_wconf 85' lang='lat' dir='ltr'>manerio</span> <span class='ocrx_word' id='word_1_248' title='bbox 1684 1361 1840 1400; x_wconf 85' lang='lat' dir='ltr'>predicto,</span> 
     </span>
     <span class='ocr_line' id='line_1_24' title="bbox 498 1411 1841 1450; baseline -0.001 -8"><span class='ocrx_word' id='word_1_249' title='bbox 498 1422 553 1450; x_wconf 91' lang='lat' dir='ltr'>per</span> <span class='ocrx_word' id='word_1_250' title='bbox 567 1422 683 1443; x_wconf 90' lang='lat' dir='ltr'>nomen</span> <span class='ocrx_word' id='word_1_251' title='bbox 698 1411 831 1442; x_wconf 83' lang='lat' dir='ltr'>manerii</span> <span class='ocrx_word' id='word_1_252' title='bbox 843 1412 882 1442; x_wconf 90' lang='lat' dir='ltr'>de</span> <span class='ocrx_word' id='word_1_253' title='bbox 896 1411 1091 1442; x_wconf 87' lang='lat' dir='ltr'>Newelonde</span> <span class='ocrx_word' id='word_1_254' title='bbox 1104 1411 1198 1450; x_wconf 81' lang='lat' dir='ltr'>juxta</span> <span class='ocrx_word' id='word_1_255' title='bbox 1211 1411 1324 1442; x_wconf 81' lang='lat' dir='ltr'>Writle</span> <span class='ocrx_word' id='word_1_256' title='bbox 1339 1421 1411 1442; x_wconf 89' lang='lat' dir='ltr'>cum</span> <span class='ocrx_word' id='word_1_257' title='bbox 1425 1411 1639 1449; x_wconf 80' lang='lat' dir='ltr'>pertinenciis,</span> <span class='ocrx_word' id='word_1_258' title='bbox 1655 1411 1841 1442; x_wconf 84' lang='lat' dir='ltr'>habendum</span> 
     </span>
     <span class='ocr_line' id='line_1_25' title="bbox 497 1460 1842 1500; baseline -0.002 -7"><span class='ocrx_word' id='word_1_259' title='bbox 497 1461 557 1493; x_wconf 83' lang='lat' dir='ltr'>sibi</span> <span class='ocrx_word' id='word_1_260' title='bbox 573 1465 606 1493; x_wconf 88' lang='lat' dir='ltr'>et</span> <span class='ocrx_word' id='word_1_261' title='bbox 621 1461 791 1492; x_wconf 84' lang='lat' dir='ltr'>heredibus</span> <span class='ocrx_word' id='word_1_262' title='bbox 806 1461 871 1493; x_wconf 84' lang='lat' dir='ltr'>suis</span> <span class='ocrx_word' id='word_1_263' title='bbox 886 1461 1125 1500; x_wconf 85' lang='lat' dir='ltr'>imperpetuum</span> <span class='ocrx_word' id='word_1_264' title='bbox 1141 1461 1295 1498; x_wconf 74' lang='lat' dir='ltr'>foffassety</span> <span class='ocrx_word' id='word_1_265' title='bbox 1312 1460 1367 1499; x_wconf 88' lang='lat' dir='ltr'>qui</span> <span class='ocrx_word' id='word_1_266' title='bbox 1382 1460 1513 1499; x_wconf 89' lang='lat' dir='ltr'>quidem</span> <span class='ocrx_word' id='word_1_267' title='bbox 1528 1460 1706 1491; x_wconf 90' lang='lat' dir='ltr'>Willelmus</span> <span class='ocrx_word' id='word_1_268' title='bbox 1721 1460 1842 1491; x_wconf 80' lang='lat' dir='ltr'>Cham-</span> 
     </span>
     <span class='ocr_line' id='line_1_26' title="bbox 498 1510 1842 1550; baseline -0.001 -8"><span class='ocrx_word' id='word_1_269' title='bbox 498 1511 628 1550; x_wconf 91' lang='lat' dir='ltr'>berleyn</span> <span class='ocrx_word' id='word_1_270' title='bbox 649 1515 762 1550; x_wconf 84' lang='lat' dir='ltr'>postea</span> <span class='ocrx_word' id='word_1_271' title='bbox 781 1522 837 1550; x_wconf 87' lang='lat' dir='ltr'>per</span> <span class='ocrx_word' id='word_1_272' title='bbox 855 1511 1011 1549; x_wconf 84' lang='lat' dir='ltr'>scriptum</span> <span class='ocrx_word' id='word_1_273' title='bbox 1030 1521 1124 1542; x_wconf 88' lang='lat' dir='ltr'>suum</span> <span class='ocrx_word' id='word_1_274' title='bbox 1144 1515 1251 1542; x_wconf 79' lang='lat' dir='ltr'>totum</span> <span class='ocrx_word' id='word_1_275' title='bbox 1270 1511 1322 1550; x_wconf 87' lang='lat' dir='ltr'>jus</span> <span class='ocrx_word' id='word_1_276' title='bbox 1341 1514 1374 1542; x_wconf 84' lang='lat' dir='ltr'>et</span> <span class='ocrx_word' id='word_1_277' title='bbox 1394 1510 1551 1541; x_wconf 87' lang='lat' dir='ltr'>clameum</span> <span class='ocrx_word' id='word_1_278' title='bbox 1571 1521 1633 1549; x_wconf 90' lang='lat' dir='ltr'>que</span> <span class='ocrx_word' id='word_1_279' title='bbox 1652 1510 1768 1542; x_wconf 81' lang='lat' dir='ltr'>habuit</span> <span class='ocrx_word' id='word_1_280' title='bbox 1786 1521 1842 1541; x_wconf 90' lang='lat' dir='ltr'>seu</span> 
     </span>
     <span class='ocr_line' id='line_1_27' title="bbox 498 1559 1843 1600; baseline 0 -8"><span class='ocrx_word' id='word_1_281' title='bbox 498 1561 615 1592; x_wconf 86' lang='lat' dir='ltr'>habere</span> <span class='ocrx_word' id='word_1_282' title='bbox 641 1561 749 1600; x_wconf 84' lang='lat' dir='ltr'>potuit</span> <span class='ocrx_word' id='word_1_283' title='bbox 773 1561 805 1591; x_wconf 91' lang='lat' dir='ltr'>in</span> <span class='ocrx_word' id='word_1_284' title='bbox 831 1561 943 1592; x_wconf 88' lang='lat' dir='ltr'>eodem</span> <span class='ocrx_word' id='word_1_285' title='bbox 967 1561 1111 1592; x_wconf 85' lang='lat' dir='ltr'>manerio</span> <span class='ocrx_word' id='word_1_286' title='bbox 1136 1560 1280 1599; x_wconf 87' lang='lat' dir='ltr'>predicto</span> <span class='ocrx_word' id='word_1_287' title='bbox 1305 1559 1464 1591; x_wconf 89' lang='lat' dir='ltr'>Willelmo</span> <span class='ocrx_word' id='word_1_288' title='bbox 1489 1560 1528 1591; x_wconf 92' lang='lat' dir='ltr'>de</span> <span class='ocrx_word' id='word_1_289' title='bbox 1553 1560 1694 1598; x_wconf 86' lang='lat' dir='ltr'>Clopton</span> <span class='ocrx_word' id='word_1_290' title='bbox 1720 1560 1843 1592; x_wconf 85' lang='lat' dir='ltr'>remisit</span> 
     </span>
     <span class='ocr_line' id='line_1_28' title="bbox 498 1610 1842 1649; baseline -0.001 -7"><span class='ocrx_word' id='word_1_291' title='bbox 498 1611 655 1642; x_wconf 82' lang='lat' dir='ltr'>relaxauit</span> <span class='ocrx_word' id='word_1_292' title='bbox 669 1615 701 1642; x_wconf 91' lang='lat' dir='ltr'>et</span> <span class='ocrx_word' id='word_1_293' title='bbox 714 1611 953 1649; x_wconf 87' lang='lat' dir='ltr'>imperpetuum</span> <span class='ocrx_word' id='word_1_294' title='bbox 967 1611 1114 1649; x_wconf 84' lang='lat' dir='ltr'>quietum</span> <span class='ocrx_word' id='word_1_295' title='bbox 1129 1610 1292 1648; x_wconf 86' lang='lat' dir='ltr'>clamauit,</span> <span class='ocrx_word' id='word_1_296' title='bbox 1307 1621 1344 1641; x_wconf 88' lang='lat' dir='ltr'>ac</span> <span class='ocrx_word' id='word_1_297' title='bbox 1358 1610 1443 1641; x_wconf 87' lang='lat' dir='ltr'>idem</span> <span class='ocrx_word' id='word_1_298' title='bbox 1456 1610 1634 1641; x_wconf 89' lang='lat' dir='ltr'>Willelmus</span> <span class='ocrx_word' id='word_1_299' title='bbox 1647 1610 1687 1641; x_wconf 89' lang='lat' dir='ltr'>de</span> <span class='ocrx_word' id='word_1_300' title='bbox 1700 1610 1842 1648; x_wconf 88' lang='lat' dir='ltr'>Clopton</span> 
     </span>
     <span class='ocr_line' id='line_1_29' title="bbox 499 1659 1844 1700; baseline -0.001 -8"><span class='ocrx_word' id='word_1_301' title='bbox 499 1665 647 1700; x_wconf 87' lang='lat' dir='ltr'>pretextu</span> <span class='ocrx_word' id='word_1_302' title='bbox 662 1660 861 1692; x_wconf 84' lang='lat' dir='ltr'>feoffamenti</span> <span class='ocrx_word' id='word_1_303' title='bbox 875 1664 908 1692; x_wconf 87' lang='lat' dir='ltr'>et</span> <span class='ocrx_word' id='word_1_304' title='bbox 921 1660 1206 1699; x_wconf 84' lang='lat' dir='ltr'>quieteclamancie</span> <span class='ocrx_word' id='word_1_305' title='bbox 1220 1660 1438 1698; x_wconf 84' lang='lat' dir='ltr'>predictorum</span> <span class='ocrx_word' id='word_1_306' title='bbox 1451 1660 1484 1690; x_wconf 95' lang='lat' dir='ltr'>in</span> <span class='ocrx_word' id='word_1_307' title='bbox 1499 1659 1631 1698; x_wconf 87' lang='lat' dir='ltr'>pacifica</span> <span class='ocrx_word' id='word_1_308' title='bbox 1645 1659 1844 1698; x_wconf 86' lang='lat' dir='ltr'>possessione</span> 
     </span>
     <span class='ocr_line' id='line_1_30' title="bbox 498 1709 1844 1749; baseline -0.001 -7"><span class='ocrx_word' id='word_1_309' title='bbox 498 1715 531 1742; x_wconf 88' lang='lat' dir='ltr'>et</span> <span class='ocrx_word' id='word_1_310' title='bbox 551 1711 666 1742; x_wconf 89' lang='lat' dir='ltr'>seisina</span> <span class='ocrx_word' id='word_1_311' title='bbox 686 1711 830 1749; x_wconf 85' lang='lat' dir='ltr'>ejusdem</span> <span class='ocrx_word' id='word_1_312' title='bbox 850 1710 983 1741; x_wconf 86' lang='lat' dir='ltr'>manerii</span> <span class='ocrx_word' id='word_1_313' title='bbox 1004 1710 1116 1741; x_wconf 86' lang='lat' dir='ltr'>fuisset</span> <span class='ocrx_word' id='word_1_314' title='bbox 1136 1720 1304 1749; x_wconf 86' lang='lat' dir='ltr'>quousque</span> <span class='ocrx_word' id='word_1_315' title='bbox 1324 1714 1392 1741; x_wconf 86' lang='lat' dir='ltr'>tam</span> <span class='ocrx_word' id='word_1_316' title='bbox 1413 1709 1516 1741; x_wconf 85' lang='lat' dir='ltr'>colore</span> <span class='ocrx_word' id='word_1_317' title='bbox 1535 1709 1755 1748; x_wconf 88' lang='lat' dir='ltr'>inquisicionis</span> <span class='ocrx_word' id='word_1_318' title='bbox 1774 1720 1844 1748; x_wconf 87' lang='lat' dir='ltr'>pre-</span> 
     </span>
     <span class='ocr_line' id='line_1_31' title="bbox 499 1759 1843 1799; baseline -0.001 -8"><span class='ocrx_word' id='word_1_319' title='bbox 499 1761 584 1792; x_wconf 81' lang='lat' dir='ltr'>dicte</span> <span class='ocrx_word' id='word_1_320' title='bbox 598 1771 696 1799; x_wconf 88' lang='lat' dir='ltr'>quam</span> <span class='ocrx_word' id='word_1_321' title='bbox 711 1760 892 1792; x_wconf 84' lang='lat' dir='ltr'>litterarum</span> <span class='ocrx_word' id='word_1_322' title='bbox 907 1764 1090 1791; x_wconf 84' lang='lat' dir='ltr'>nostrarum</span> <span class='ocrx_word' id='word_1_323' title='bbox 1105 1759 1290 1798; x_wconf 85' lang='lat' dir='ltr'>patencium</span> <span class='ocrx_word' id='word_1_324' title='bbox 1305 1770 1361 1798; x_wconf 86' lang='lat' dir='ltr'>per</span> <span class='ocrx_word' id='word_1_325' title='bbox 1374 1770 1455 1798; x_wconf 87' lang='lat' dir='ltr'>quas</span> <span class='ocrx_word' id='word_1_326' title='bbox 1468 1759 1647 1790; x_wconf 87' lang='lat' dir='ltr'>manerium</span> <span class='ocrx_word' id='word_1_327' title='bbox 1662 1759 1843 1797; x_wconf 86' lang='lat' dir='ltr'>predictum</span> 
     </span>
     <span class='ocr_line' id='line_1_32' title="bbox 500 1809 1843 1848; baseline -0.001 -8"><span class='ocrx_word' id='word_1_328' title='bbox 500 1821 572 1841; x_wconf 91' lang='lat' dir='ltr'>cum</span> <span class='ocrx_word' id='word_1_329' title='bbox 591 1810 795 1848; x_wconf 78' lang='lat' dir='ltr'>pertinenciis</span> <span class='ocrx_word' id='word_1_330' title='bbox 812 1809 971 1841; x_wconf 90' lang='lat' dir='ltr'>Willehno</span> <span class='ocrx_word' id='word_1_331' title='bbox 989 1810 1028 1840; x_wconf 90' lang='lat' dir='ltr'>de</span> <span class='ocrx_word' id='word_1_332' title='bbox 1045 1810 1214 1847; x_wconf 85' lang='lat' dir='ltr'>Wauton,⁸</span> <span class='ocrx_word' id='word_1_333' title='bbox 1230 1809 1335 1846; x_wconf 75' lang='lat' dir='ltr'>militi,</span> <span class='ocrx_word' id='word_1_334' title='bbox 1354 1809 1413 1840; x_wconf 91' lang='lat' dir='ltr'>sub</span> <span class='ocrx_word' id='word_1_335' title='bbox 1432 1812 1519 1840; x_wconf 90' lang='lat' dir='ltr'>certa</span> <span class='ocrx_word' id='word_1_336' title='bbox 1536 1809 1640 1840; x_wconf 82' lang='lat' dir='ltr'>forma</span> <span class='ocrx_word' id='word_1_337' title='bbox 1656 1809 1843 1840; x_wconf 85' lang='lat' dir='ltr'>habendum</span> 
     </span>
     <span class='ocr_line' id='line_1_33' title="bbox 500 1858 1844 1898; baseline 0 -8"><span class='ocrx_word' id='word_1_338' title='bbox 500 1871 602 1898; x_wconf 90' lang='lat' dir='ltr'>nuper</span> <span class='ocrx_word' id='word_1_339' title='bbox 616 1860 833 1891; x_wconf 87' lang='lat' dir='ltr'>commisimus</span> <span class='ocrx_word' id='word_1_340' title='bbox 847 1863 1010 1890; x_wconf 88' lang='lat' dir='ltr'>ammotus</span> <span class='ocrx_word' id='word_1_341' title='bbox 1025 1859 1137 1890; x_wconf 83' lang='lat' dir='ltr'>fuisset</span> <span class='ocrx_word' id='word_1_342' title='bbox 1150 1859 1257 1890; x_wconf 92' lang='lat' dir='ltr'>minus</span> <span class='ocrx_word' id='word_1_343' title='bbox 1269 1859 1356 1898; x_wconf 88' lang='lat' dir='ltr'>juste</span> <span class='ocrx_word' id='word_1_344' title='bbox 1370 1859 1491 1897; x_wconf 84' lang='lat' dir='ltr'>absque</span> <span class='ocrx_word' id='word_1_345' title='bbox 1505 1858 1565 1889; x_wconf 91' lang='lat' dir='ltr'>hoc</span> <span class='ocrx_word' id='word_1_346' title='bbox 1579 1859 1665 1897; x_wconf 91' lang='lat' dir='ltr'>quod</span> <span class='ocrx_word' id='word_1_347' title='bbox 1680 1858 1844 1897; x_wconf 88' lang='lat' dir='ltr'>predictus</span> 
     </span>
     <span class='ocr_line' id='line_1_34' title="bbox 500 1907 1845 1948; baseline -0.001 -8"><span class='ocrx_word' id='word_1_348' title='bbox 500 1909 659 1940; x_wconf 75' lang='lat' dir='ltr'>Hem-icus</span> <span class='ocrx_word' id='word_1_349' title='bbox 677 1909 816 1948; x_wconf 89' lang='lat' dir='ltr'>aliquem</span> <span class='ocrx_word' id='word_1_350' title='bbox 834 1913 957 1940; x_wconf 87' lang='lat' dir='ltr'>statum</span> <span class='ocrx_word' id='word_1_351' title='bbox 976 1908 1091 1940; x_wconf 86' lang='lat' dir='ltr'>habuit</span> <span class='ocrx_word' id='word_1_352' title='bbox 1108 1908 1140 1939; x_wconf 91' lang='lat' dir='ltr'>in</span> <span class='ocrx_word' id='word_1_353' title='bbox 1159 1909 1270 1940; x_wconf 89' lang='lat' dir='ltr'>eodem</span> <span class='ocrx_word' id='word_1_354' title='bbox 1288 1908 1431 1940; x_wconf 86' lang='lat' dir='ltr'>manerio</span> <span class='ocrx_word' id='word_1_355' title='bbox 1449 1908 1594 1947; x_wconf 88' lang='lat' dir='ltr'>predicto</span> <span class='ocrx_word' id='word_1_356' title='bbox 1612 1908 1663 1939; x_wconf 78' lang='lat' dir='ltr'>die</span> <span class='ocrx_word' id='word_1_357' title='bbox 1681 1919 1745 1947; x_wconf 89' lang='lat' dir='ltr'>quo</span> <span class='ocrx_word' id='word_1_358' title='bbox 1763 1907 1845 1939; x_wconf 88' lang='lat' dir='ltr'>obiit</span> 
     </span>
    </p>
   </div>
   <div class='ocr_carea' id='block_1_7' title="bbox 537 1980 1152 2049">
    <p class='ocr_par' dir='ltr' id='par_1_7' title="bbox 537 1980 1152 2049">
     <span class='ocr_line' id='line_1_35' title="bbox 537 1980 821 2013; baseline -0.004 -7"><span class='ocrx_word' id='word_1_359' title='bbox 537 1982 558 1997; x_wconf 81' lang='lat'>⁵⁹</span> <span class='ocrx_word' id='word_1_360' title='bbox 576 1980 626 2006; x_wconf 82' lang='lat' dir='ltr'>See</span> <span class='ocrx_word' id='word_1_361' title='bbox 636 1989 662 2006; x_wconf 67' lang='grc'>11,</span> <span class='ocrx_word' id='word_1_362' title='bbox 672 1981 714 2013; x_wconf 78' lang='lat'>24,</span> <span class='ocrx_word' id='word_1_363' title='bbox 729 1988 821 2012; x_wconf 85' lang='lat' dir='ltr'>supra.</span> 
     </span>
     <span class='ocr_line' id='line_1_36' title="bbox 547 2017 1152 2049; baseline -0.002 -6"><span class='ocrx_word' id='word_1_364' title='bbox 547 2019 554 2034; x_wconf 86' lang='lat'>¹</span> <span class='ocrx_word' id='word_1_365' title='bbox 574 2018 788 2049; x_wconf 72' lang='lat' dir='ltr'>Parlz&#39;amentary</span> <span class='ocrx_word' id='word_1_366' title='bbox 812 2017 866 2043; x_wconf 77' lang='lat' dir='ltr'>and</span> <span class='ocrx_word' id='word_1_367' title='bbox 891 2017 1003 2043; x_wconf 71' lang='lat' dir='ltr'>Councz‘l</span> <span class='ocrx_word' id='word_1_368' title='bbox 1029 2017 1152 2043; x_wconf 78' lang='lat' dir='ltr'>Procccd-</span> 
     </span>
    </p>
   </div>
   <div class='ocr_carea' id='block_1_8' title="bbox 1198 1978 1845 2048">
    <p class='ocr_par' dir='ltr' id='par_1_8' title="bbox 1198 1978 1845 2048">
     <span class='ocr_line' id='line_1_37' title="bbox 1198 1978 1845 2012; baseline -0.002 -7"><span class='ocrx_word' id='word_1_369' title='bbox 1198 1979 1236 2012; x_wconf 88' lang='lat' dir='ltr'>by</span> <span class='ocrx_word' id='word_1_370' title='bbox 1251 1979 1306 2005; x_wconf 83' lang='lat' dir='ltr'>this</span> <span class='ocrx_word' id='word_1_371' title='bbox 1318 1979 1414 2011; x_wconf 90' lang='lat' dir='ltr'>Henry</span> <span class='ocrx_word' id='word_1_372' title='bbox 1428 1978 1476 2005; x_wconf 91' lang='lat' dir='ltr'>her</span> <span class='ocrx_word' id='word_1_373' title='bbox 1488 1987 1546 2011; x_wconf 87' lang='lat' dir='ltr'>son,</span> <span class='ocrx_word' id='word_1_374' title='bbox 1560 1979 1622 2004; x_wconf 89' lang='lat' dir='ltr'>who</span> <span class='ocrx_word' id='word_1_375' title='bbox 1635 1978 1698 2005; x_wconf 91' lang='lat' dir='ltr'>held</span> <span class='ocrx_word' id='word_1_376' title='bbox 1711 1979 1733 2005; x_wconf 83' lang='lat' dir='ltr'>it</span> <span class='ocrx_word' id='word_1_377' title='bbox 1746 1979 1783 2011; x_wconf 89' lang='lat' dir='ltr'>by</span> <span class='ocrx_word' id='word_1_378' title='bbox 1797 1978 1845 2005; x_wconf 88' lang='lat' dir='ltr'>the</span> 
     </span>
     <span class='ocr_line' id='line_1_38' title="bbox 1198 2016 1845 2048; baseline 0 -6"><span class='ocrx_word' id='word_1_379' title='bbox 1198 2017 1301 2043; x_wconf 86' lang='lat' dir='ltr'>service</span> <span class='ocrx_word' id='word_1_380' title='bbox 1325 2017 1353 2042; x_wconf 88' lang='lat' dir='ltr'>of</span> <span class='ocrx_word' id='word_1_381' title='bbox 1377 2025 1429 2043; x_wconf 87' lang='lat' dir='ltr'>one</span> <span class='ocrx_word' id='word_1_382' title='bbox 1452 2016 1575 2048; x_wconf 83' lang='lat' dir='ltr'>knight’s</span> <span class='ocrx_word' id='word_1_383' title='bbox 1599 2016 1653 2043; x_wconf 73' lang='lat' dir='ltr'>fies.</span> <span class='ocrx_word' id='word_1_384' title='bbox 1696 2016 1778 2048; x_wconf 90' lang='lat' dir='ltr'>Upon</span> <span class='ocrx_word' id='word_1_385' title='bbox 1803 2016 1845 2042; x_wconf 85' lang='lat' dir='ltr'>his</span> 
     </span>
    </p>
   </div>
   <div class='ocr_carea' id='block_1_9' title="bbox 501 2055 1151 2424">
    <p class='ocr_par' dir='ltr' id='par_1_9' title="bbox 501 2055 1151 2162">
     <span class='ocr_line' id='line_1_39' title="bbox 501 2055 1150 2087; baseline -0.002 -6"><span class='ocrx_word' id='word_1_386' title='bbox 501 2057 561 2087; x_wconf 68' lang='lat' dir='ltr'>inas</span> <span class='ocrx_word' id='word_1_387' title='bbox 580 2055 758 2087; x_wconf 53' lang='lat' dir='ltr'>(Chaneerffl,</span> <span class='ocrx_word' id='word_1_388' title='bbox 776 2055 820 2081; x_wconf 89' lang='lat' dir='ltr'>file</span> <span class='ocrx_word' id='word_1_389' title='bbox 837 2056 878 2086; x_wconf 86' lang='lat'>47,</span> <span class='ocrx_word' id='word_1_390' title='bbox 897 2064 941 2080; x_wconf 90' lang='lat' dir='ltr'>no.</span> <span class='ocrx_word' id='word_1_391' title='bbox 961 2056 1003 2086; x_wconf 89' lang='lat'>17;</span> <span class='ocrx_word' id='word_1_392' title='bbox 1033 2056 1049 2081; x_wconf 87' lang='lat'><strong>3</strong></span> <span class='ocrx_word' id='word_1_393' title='bbox 1066 2063 1150 2080; x_wconf 87' lang='lat' dir='ltr'>mem-</span> 
     </span>
     <span class='ocr_line' id='line_1_40' title="bbox 503 2092 1151 2125; baseline -0.002 -6"><span class='ocrx_word' id='word_1_394' title='bbox 503 2093 608 2125; x_wconf 79' lang='lat' dir='ltr'>branes,</span> <span class='ocrx_word' id='word_1_395' title='bbox 624 2093 647 2118; x_wconf 91' lang='lat' dir='ltr'><strong>A</strong></span> <span class='ocrx_word' id='word_1_396' title='bbox 661 2092 708 2118; x_wconf 79' lang='lat' dir='ltr'>the</span> <span class='ocrx_word' id='word_1_397' title='bbox 721 2092 810 2124; x_wconf 69' lang='lat' dir='ltr'>king‘s</span> <span class='ocrx_word' id='word_1_398' title='bbox 822 2092 891 2124; x_wconf 79' lang='lat' dir='ltr'>writ,</span> <span class='ocrx_word' id='word_1_399' title='bbox 907 2093 929 2118; x_wconf 93' lang='lat' dir='ltr'>B</span> <span class='ocrx_word' id='word_1_400' title='bbox 943 2093 998 2118; x_wconf 88' lang='lat' dir='ltr'>and</span> <span class='ocrx_word' id='word_1_401' title='bbox 1011 2092 1034 2118; x_wconf 93' lang='lat' dir='ltr'>C</span> <span class='ocrx_word' id='word_1_402' title='bbox 1048 2101 1151 2118; x_wconf 86' lang='lat' dir='ltr'>memo-</span> 
     </span>
     <span class='ocr_line' id='line_1_41' title="bbox 503 2129 1027 2162; baseline -0.002 -6"><span class='ocrx_word' id='word_1_403' title='bbox 503 2130 590 2156; x_wconf 83' lang='lat' dir='ltr'>randa</span> <span class='ocrx_word' id='word_1_404' title='bbox 603 2130 631 2156; x_wconf 90' lang='lat' dir='ltr'>of</span> <span class='ocrx_word' id='word_1_405' title='bbox 644 2130 820 2162; x_wconf 82' lang='lat' dir='ltr'>proceedings</span> <span class='ocrx_word' id='word_1_406' title='bbox 833 2130 860 2155; x_wconf 89' lang='lat' dir='ltr'>in</span> <span class='ocrx_word' id='word_1_407' title='bbox 874 2129 1027 2162; x_wconf 83' lang='lat' dir='ltr'>Chancery.</span> 
     </span>
    </p>

    <p class='ocr_par' dir='ltr' id='par_1_10' title="bbox 504 2167 1151 2238">
     <span class='ocr_line' id='line_1_42' title="bbox 548 2167 1151 2199; baseline -0.002 -6"><span class='ocrx_word' id='word_1_408' title='bbox 548 2169 557 2184; x_wconf 82' lang='lat'><strong>²</strong></span> <span class='ocrx_word' id='word_1_409' title='bbox 576 2167 727 2193; x_wconf 82' lang='lat' dir='ltr'>Escheator</span> <span class='ocrx_word' id='word_1_410' title='bbox 736 2167 764 2193; x_wconf 84' lang='lat' dir='ltr'>of</span> <span class='ocrx_word' id='word_1_411' title='bbox 773 2168 865 2199; x_wconf 74' lang='lat' dir='ltr'>EsseX,</span> <span class='ocrx_word' id='word_1_412' title='bbox 874 2167 1014 2198; x_wconf 71' lang='lat' dir='ltr'>Hertford,</span> <span class='ocrx_word' id='word_1_413' title='bbox 1023 2167 1077 2193; x_wconf 88' lang='lat' dir='ltr'>and</span> <span class='ocrx_word' id='word_1_414' title='bbox 1087 2167 1151 2193; x_wconf 88' lang='lat' dir='ltr'>Sur-</span> 
     </span>
     <span class='ocr_line' id='line_1_43' title="bbox 504 2205 1149 2238; baseline -0.002 -7"><span class='ocrx_word' id='word_1_415' title='bbox 504 2206 695 2238; x_wconf 78' lang='lat' dir='ltr'>rey‚1380-85.</span> <span class='ocrx_word' id='word_1_416' title='bbox 709 2205 766 2231; x_wconf 81' lang='lat' dir='ltr'>Cal.</span> <span class='ocrx_word' id='word_1_417' title='bbox 776 2205 1149 2237; x_wconf 75' lang='lat' dir='ltr'>Pat.3Richard11,33o,&amp;c.</span> 
     </span>
    </p>

    <p class='ocr_par' dir='ltr' id='par_1_11' title="bbox 504 2242 1151 2424">
     <span class='ocr_line' id='line_1_44' title="bbox 548 2242 1149 2275; baseline 0 -7"><span class='ocrx_word' id='word_1_418' title='bbox 548 2244 557 2259; x_wconf 79' lang='lat'><strong>³</strong></span> <span class='ocrx_word' id='word_1_419' title='bbox 576 2244 599 2268; x_wconf 91' lang='lat' dir='ltr'>A</span> <span class='ocrx_word' id='word_1_420' title='bbox 616 2251 713 2268; x_wconf 85' lang='lat' dir='ltr'>manor</span> <span class='ocrx_word' id='word_1_421' title='bbox 728 2251 795 2268; x_wconf 87' lang='lat' dir='ltr'>once</span> <span class='ocrx_word' id='word_1_422' title='bbox 811 2242 874 2269; x_wconf 84' lang='lat' dir='ltr'>held</span> <span class='ocrx_word' id='word_1_423' title='bbox 890 2242 927 2275; x_wconf 90' lang='lat' dir='ltr'>by</span> <span class='ocrx_word' id='word_1_424' title='bbox 944 2242 1018 2274; x_wconf 83' lang='lat' dir='ltr'>King</span> <span class='ocrx_word' id='word_1_425' title='bbox 1035 2242 1149 2274; x_wconf 83' lang='lat' dir='ltr'>Harold,</span> 
     </span>
     <span class='ocr_line' id='line_1_45' title="bbox 504 2279 1151 2312; baseline 0 -7"><span class='ocrx_word' id='word_1_426' title='bbox 504 2280 531 2306; x_wconf 90' lang='lat' dir='ltr'>in</span> <span class='ocrx_word' id='word_1_427' title='bbox 554 2280 712 2312; x_wconf 86' lang='lat' dir='ltr'>Domesday</span> <span class='ocrx_word' id='word_1_428' title='bbox 733 2280 811 2306; x_wconf 86' lang='lat' dir='ltr'>Book</span> <span class='ocrx_word' id='word_1_429' title='bbox 831 2280 869 2312; x_wconf 91' lang='lat' dir='ltr'>by</span> <span class='ocrx_word' id='word_1_430' title='bbox 889 2280 1009 2306; x_wconf 84' lang='lat' dir='ltr'>Eustace</span> <span class='ocrx_word' id='word_1_431' title='bbox 1030 2279 1058 2305; x_wconf 86' lang='lat' dir='ltr'>of</span> <span class='ocrx_word' id='word_1_432' title='bbox 1079 2280 1151 2305; x_wconf 87' lang='lat' dir='ltr'>Bou-</span> 
     </span>
     <span class='ocr_line' id='line_1_46' title="bbox 504 2317 1151 2349; baseline -0.002 -6"><span class='ocrx_word' id='word_1_433' title='bbox 504 2317 591 2349; x_wconf 82' lang='lat' dir='ltr'>logne,</span> <span class='ocrx_word' id='word_1_434' title='bbox 620 2318 675 2343; x_wconf 83' lang='lat' dir='ltr'>and</span> <span class='ocrx_word' id='word_1_435' title='bbox 703 2317 811 2343; x_wconf 80' lang='lat' dir='ltr'>located</span> <span class='ocrx_word' id='word_1_436' title='bbox 838 2317 866 2343; x_wconf 91' lang='lat' dir='ltr'>in</span> <span class='ocrx_word' id='word_1_437' title='bbox 895 2317 942 2343; x_wconf 83' lang='lat' dir='ltr'>the</span> <span class='ocrx_word' id='word_1_438' title='bbox 970 2317 1095 2342; x_wconf 88' lang='lat' dir='ltr'>hundred</span> <span class='ocrx_word' id='word_1_439' title='bbox 1123 2317 1151 2342; x_wconf 79' lang='grc' dir='ltr'>οἱ</span> 
     </span>
     <span class='ocr_line' id='line_1_47' title="bbox 504 2354 1151 2386; baseline -0.002 -6"><span class='ocrx_word' id='word_1_440' title='bbox 504 2355 702 2381; x_wconf 86' lang='lat' dir='ltr'>Chelmesford.</span> <span class='ocrx_word' id='word_1_441' title='bbox 747 2355 779 2380; x_wconf 88' lang='lat' dir='ltr'>In</span> <span class='ocrx_word' id='word_1_442' title='bbox 806 2356 873 2381; x_wconf 84' lang='lat'>1349</span> <span class='ocrx_word' id='word_1_443' title='bbox 899 2355 921 2380; x_wconf 88' lang='lat' dir='ltr'>it</span> <span class='ocrx_word' id='word_1_444' title='bbox 946 2363 1001 2380; x_wconf 81' lang='lat' dir='ltr'>was</span> <span class='ocrx_word' id='word_1_445' title='bbox 1026 2354 1088 2380; x_wconf 89' lang='lat' dir='ltr'>held</span> <span class='ocrx_word' id='word_1_446' title='bbox 1113 2354 1151 2386; x_wconf 90' lang='lat' dir='ltr'>by</span> 
     </span>
     <span class='ocr_line' id='line_1_48' title="bbox 505 2391 1150 2424; baseline 0 -7"><span class='ocrx_word' id='word_1_447' title='bbox 505 2392 647 2424; x_wconf 79' lang='lat' dir='ltr'>Margaret</span> <span class='ocrx_word' id='word_1_448' title='bbox 663 2392 797 2418; x_wconf 83' lang='lat' dir='ltr'>Newland</span> <span class='ocrx_word' id='word_1_449' title='bbox 812 2392 867 2418; x_wconf 84' lang='lat' dir='ltr'>and</span> <span class='ocrx_word' id='word_1_450' title='bbox 882 2392 953 2418; x_wconf 83' lang='lat' dir='ltr'>after</span> <span class='ocrx_word' id='word_1_451' title='bbox 967 2391 1015 2417; x_wconf 89' lang='lat' dir='ltr'>her</span> <span class='ocrx_word' id='word_1_452' title='bbox 1030 2391 1150 2423; x_wconf 81' lang='lat' dir='ltr'>decease,</span> 
     </span>
    </p>
   </div>
   <div class='ocr_carea' id='block_1_10' title="bbox 1197 2053 1847 2423">
    <p class='ocr_par' dir='ltr' id='par_1_12' title="bbox 1197 2053 1846 2236">
     <span class='ocr_line' id='line_1_49' title="bbox 1199 2053 1845 2086; baseline -0.002 -6"><span class='ocrx_word' id='word_1_453' title='bbox 1199 2054 1291 2086; x_wconf 83' lang='lat' dir='ltr'>death,</span> <span class='ocrx_word' id='word_1_454' title='bbox 1313 2054 1402 2080; x_wconf 82' lang='lat' dir='ltr'>which</span> <span class='ocrx_word' id='word_1_455' title='bbox 1422 2054 1552 2080; x_wconf 81' lang='lat' dir='ltr'>occurred</span> <span class='ocrx_word' id='word_1_456' title='bbox 1573 2055 1589 2080; x_wconf 88' lang='lat'>5</span> <span class='ocrx_word' id='word_1_457' title='bbox 1611 2054 1689 2086; x_wconf 76' lang='lat' dir='ltr'>May,</span> <span class='ocrx_word' id='word_1_458' title='bbox 1714 2055 1788 2086; x_wconf 85' lang='lat'>1380,</span> <span class='ocrx_word' id='word_1_459' title='bbox 1811 2053 1845 2079; x_wconf 90' lang='lat' dir='ltr'>he</span> 
     </span>
     <span class='ocr_line' id='line_1_50' title="bbox 1197 2090 1845 2123; baseline -0.002 -5"><span class='ocrx_word' id='word_1_460' title='bbox 1197 2092 1247 2118; x_wconf 82' lang='lat' dir='ltr'>left</span> <span class='ocrx_word' id='word_1_461' title='bbox 1262 2100 1314 2118; x_wconf 83' lang='lat' dir='ltr'>one</span> <span class='ocrx_word' id='word_1_462' title='bbox 1327 2091 1401 2118; x_wconf 85' lang='lat' dir='ltr'>third</span> <span class='ocrx_word' id='word_1_463' title='bbox 1416 2091 1445 2117; x_wconf 83' lang='lat' dir='ltr'>of</span> <span class='ocrx_word' id='word_1_464' title='bbox 1460 2092 1482 2118; x_wconf 90' lang='lat' dir='ltr'>it</span> <span class='ocrx_word' id='word_1_465' title='bbox 1497 2094 1527 2117; x_wconf 90' lang='lat' dir='ltr'>to</span> <span class='ocrx_word' id='word_1_466' title='bbox 1542 2092 1632 2123; x_wconf 76' lang='lat' dir='ltr'>Agnes</span> <span class='ocrx_word' id='word_1_467' title='bbox 1647 2091 1689 2117; x_wconf 83' lang='lat' dir='ltr'>his</span> <span class='ocrx_word' id='word_1_468' title='bbox 1704 2091 1773 2123; x_wconf 82' lang='lat' dir='ltr'>wife,</span> <span class='ocrx_word' id='word_1_469' title='bbox 1790 2090 1845 2117; x_wconf 86' lang='lat' dir='ltr'>and</span> 
     </span>
     <span class='ocr_line' id='line_1_51' title="bbox 1198 2129 1844 2160; baseline -0.002 -5"><span class='ocrx_word' id='word_1_470' title='bbox 1198 2133 1253 2155; x_wconf 83' lang='lat' dir='ltr'>two</span> <span class='ocrx_word' id='word_1_471' title='bbox 1270 2129 1358 2155; x_wconf 80' lang='lat' dir='ltr'>thirds</span> <span class='ocrx_word' id='word_1_472' title='bbox 1372 2132 1401 2155; x_wconf 87' lang='lat' dir='ltr'>to</span> <span class='ocrx_word' id='word_1_473' title='bbox 1418 2129 1460 2155; x_wconf 83' lang='lat' dir='ltr'>his</span> <span class='ocrx_word' id='word_1_474' title='bbox 1478 2137 1527 2155; x_wconf 86' lang='lat' dir='ltr'>son</span> <span class='ocrx_word' id='word_1_475' title='bbox 1541 2129 1671 2155; x_wconf 88' lang='lat' dir='ltr'>Richard.</span> <span class='ocrx_word' id='word_1_476' title='bbox 1703 2129 1760 2154; x_wconf 82' lang='lat' dir='ltr'>Cal.</span> <span class='ocrx_word' id='word_1_477' title='bbox 1774 2129 1844 2160; x_wconf 79' lang='lat' dir='ltr'>Inq.,</span> 
     </span>
     <span class='ocr_line' id='line_1_52' title="bbox 1198 2166 1846 2200; baseline -0.002 -8"><span class='ocrx_word' id='word_1_478' title='bbox 1198 2176 1225 2200; x_wconf 81' lang='lat' dir='ltr'>p.</span> <span class='ocrx_word' id='word_1_479' title='bbox 1244 2176 1288 2199; x_wconf 83' lang='lat' dir='ltr'>m.‚</span> <span class='ocrx_word' id='word_1_480' title='bbox 1308 2166 1344 2199; x_wconf 84' lang='lat' dir='ltr'>iii,</span> <span class='ocrx_word' id='word_1_481' title='bbox 1364 2168 1410 2199; x_wconf 78' lang='lat'>803</span> <span class='ocrx_word' id='word_1_482' title='bbox 1432 2167 1488 2192; x_wconf 81' lang='lat' dir='ltr'>and</span> <span class='ocrx_word' id='word_1_483' title='bbox 1507 2167 1537 2192; x_wconf 83' lang='lat' dir='ltr'>P.</span> <span class='ocrx_word' id='word_1_484' title='bbox 1558 2166 1681 2198; x_wconf 78' lang='lat' dir='ltr'>Moranty</span> <span class='ocrx_word' id='word_1_485' title='bbox 1701 2166 1772 2192; x_wconf 75' lang='lat' dir='ltr'>Hist.</span> <span class='ocrx_word' id='word_1_486' title='bbox 1791 2166 1846 2191; x_wconf 81' lang='lat' dir='ltr'>and</span> 
     </span>
     <span class='ocr_line' id='line_1_53' title="bbox 1198 2203 1641 2236; baseline -0.002 -6"><span class='ocrx_word' id='word_1_487' title='bbox 1198 2205 1288 2236; x_wconf 77' lang='lat' dir='ltr'>Antiq.</span> <span class='ocrx_word' id='word_1_488' title='bbox 1303 2205 1332 2236; x_wconf 86' lang='lat' dir='ltr'>os</span> <span class='ocrx_word' id='word_1_489' title='bbox 1342 2205 1426 2230; x_wconf 73' lang='lat' dir='ltr'>Esscz</span> <span class='ocrx_word' id='word_1_490' title='bbox 1441 2204 1543 2236; x_wconf 79' lang='lat'>(1768),</span> <span class='ocrx_word' id='word_1_491' title='bbox 1558 2203 1584 2235; x_wconf 83' lang='lat' dir='ltr'>ii,</span> <span class='ocrx_word' id='word_1_492' title='bbox 1599 2205 1641 2229; x_wconf 86' lang='lat'>74.</span> 
     </span>
    </p>

    <p class='ocr_par' dir='ltr' id='par_1_13' title="bbox 1198 2240 1846 2305">
     <span class='ocr_line' id='line_1_54' title="bbox 1243 2240 1846 2273; baseline -0.003 -5"><span class='ocrx_word' id='word_1_493' title='bbox 1243 2243 1251 2258; x_wconf 85' lang='lat'><strong>⁴</strong></span> <span class='ocrx_word' id='word_1_494' title='bbox 1270 2250 1300 2268; x_wconf 95' lang='lat' dir='ltr'>or</span> <span class='ocrx_word' id='word_1_495' title='bbox 1311 2241 1429 2273; x_wconf 77' lang='lat' dir='ltr'>Writtle,</span> <span class='ocrx_word' id='word_1_496' title='bbox 1441 2250 1458 2267; x_wconf 85' lang='lat' dir='ltr'>a</span> <span class='ocrx_word' id='word_1_497' title='bbox 1469 2244 1543 2267; x_wconf 85' lang='lat' dir='ltr'>town</span> <span class='ocrx_word' id='word_1_498' title='bbox 1555 2241 1609 2267; x_wconf 83' lang='lat' dir='ltr'>and</span> <span class='ocrx_word' id='word_1_499' title='bbox 1620 2241 1713 2273; x_wconf 84' lang='lat' dir='ltr'>parish</span> <span class='ocrx_word' id='word_1_500' title='bbox 1724 2243 1779 2266; x_wconf 82' lang='lat' dir='ltr'>two</span> <span class='ocrx_word' id='word_1_501' title='bbox 1790 2240 1846 2266; x_wconf 84' lang='lat' dir='ltr'>and</span> 
     </span>
     <span class='ocr_line' id='line_1_55' title="bbox 1198 2277 1845 2305; baseline -0.003 0"><span class='ocrx_word' id='word_1_502' title='bbox 1198 2279 1320 2305; x_wconf 81' lang='lat' dir='ltr'>one—half</span> <span class='ocrx_word' id='word_1_503' title='bbox 1338 2279 1415 2305; x_wconf 90' lang='lat' dir='ltr'>miles</span> <span class='ocrx_word' id='word_1_504' title='bbox 1432 2279 1582 2304; x_wconf 85' lang='lat' dir='ltr'>southwest</span> <span class='ocrx_word' id='word_1_505' title='bbox 1600 2279 1628 2304; x_wconf 81' lang='lat' dir='ltr'>of</span> <span class='ocrx_word' id='word_1_506' title='bbox 1646 2277 1845 2304; x_wconf 84' lang='lat' dir='ltr'>Chelmesford.</span> 
     </span>
    </p>

    <p class='ocr_par' dir='ltr' id='par_1_14' title="bbox 1198 2314 1847 2423">
     <span class='ocr_line' id='line_1_56' title="bbox 1245 2314 1846 2347; baseline -0.003 -5"><span class='ocrx_word' id='word_1_507' title='bbox 1245 2318 1254 2333; x_wconf 84' lang='lat'>⁵</span> <span class='ocrx_word' id='word_1_508' title='bbox 1273 2316 1400 2342; x_wconf 89' lang='lat' dir='ltr'>Member</span> <span class='ocrx_word' id='word_1_509' title='bbox 1416 2316 1445 2342; x_wconf 84' lang='lat' dir='ltr'>of</span> <span class='ocrx_word' id='word_1_510' title='bbox 1462 2325 1497 2342; x_wconf 84' lang='lat' dir='ltr'>an</span> <span class='ocrx_word' id='word_1_511' title='bbox 1514 2315 1624 2342; x_wconf 83' lang='lat' dir='ltr'>ancient</span> <span class='ocrx_word' id='word_1_512' title='bbox 1640 2315 1736 2347; x_wconf 83' lang='lat' dir='ltr'>family</span> <span class='ocrx_word' id='word_1_513' title='bbox 1753 2315 1782 2341; x_wconf 80' lang='lat' dir='ltr'>of</span> <span class='ocrx_word' id='word_1_514' title='bbox 1798 2314 1846 2340; x_wconf 85' lang='lat' dir='ltr'>the</span> 
     </span>
     <span class='ocr_line' id='line_1_57' title="bbox 1198 2352 1847 2386; baseline -0.002 -7"><span class='ocrx_word' id='word_1_515' title='bbox 1198 2357 1302 2386; x_wconf 87' lang='lat' dir='ltr'>county</span> <span class='ocrx_word' id='word_1_516' title='bbox 1313 2353 1455 2380; x_wconf 88' lang='lat' dir='ltr'>identified</span> <span class='ocrx_word' id='word_1_517' title='bbox 1465 2353 1532 2379; x_wconf 82' lang='lat' dir='ltr'>with</span> <span class='ocrx_word' id='word_1_518' title='bbox 1543 2353 1590 2379; x_wconf 84' lang='lat' dir='ltr'>the</span> <span class='ocrx_word' id='word_1_519' title='bbox 1600 2361 1697 2379; x_wconf 88' lang='lat' dir='ltr'>manor</span> <span class='ocrx_word' id='word_1_520' title='bbox 1707 2352 1735 2378; x_wconf 87' lang='lat' dir='ltr'>of</span> <span class='ocrx_word' id='word_1_521' title='bbox 1746 2353 1847 2378; x_wconf 87' lang='lat' dir='ltr'>Newn-</span> 
     </span>
     <span class='ocr_line' id='line_1_58' title="bbox 1198 2389 1847 2423; baseline -0.003 -6"><span class='ocrx_word' id='word_1_522' title='bbox 1198 2391 1263 2417; x_wconf 85' lang='lat' dir='ltr'>ham</span> <span class='ocrx_word' id='word_1_523' title='bbox 1289 2391 1317 2417; x_wconf 93' lang='lat' dir='ltr'>in</span> <span class='ocrx_word' id='word_1_524' title='bbox 1343 2391 1465 2423; x_wconf 83' lang='lat' dir='ltr'>Ashdon,</span> <span class='ocrx_word' id='word_1_525' title='bbox 1493 2390 1581 2416; x_wconf 88' lang='lat' dir='ltr'>which</span> <span class='ocrx_word' id='word_1_526' title='bbox 1607 2389 1662 2416; x_wconf 84' lang='lat' dir='ltr'>had</span> <span class='ocrx_word' id='word_1_527' title='bbox 1687 2389 1757 2416; x_wconf 88' lang='lat' dir='ltr'>been</span> <span class='ocrx_word' id='word_1_528' title='bbox 1782 2397 1847 2422; x_wconf 91' lang='lat' dir='ltr'>pur-</span> 
     </span>
    </p>
   </div>
  </div>
 </body>
</html>
