2112 2901
380 592 459 623 1243

565 399 759 446 CASES
786 400 1044 446 BEFORE
1068 401 1201 446 THE
1227 401 1432 447 KING’S
1459 400 1736 447 COUNCIL

890 527 1093 556 BOISTARD
1117 536 1139 555 v.
1163 527 1417 556 CUMBWELL¹

539 596 663 627 Placita
683 607 791 627 coram
812 596 954 627 Consilio
975 596 1108 627 Domini
1129 597 1225 635 Regis
1245 607 1264 627 a
1284 596 1335 628 die
1355 597 1459 628 sancti
1479 596 1632 628 Iohannis
1652 597 1802 635 Baptiste
1814 598 1826 616 ²

483 646 515 676 in
532 650 596 677 tres
611 646 809 684 septimanas
824 647 918 677 Anno
935 646 1037 684 Regni
1054 647 1184 677 Henrici
1200 646 1255 677 filii
1272 647 1368 685 Regis
1384 647 1514 678 Ioannis
1530 648 1592 677 270.

538 696 647 727 Assisa
671 696 697 727 si
722 695 890 734 Philippus
915 696 954 727 de
980 696 1157 727 Cumbwell
1183 696 1357 727 dissaisivit
1381 696 1561 727 VValterum
1585 696 1760 727 Boistard³
1784 695 1824 727 de

483 746 586 777 tribus
599 746 785 777 Carrucatis
798 747 808 764 4
820 750 903 777 terre
915 746 946 776 in
960 745 1209 777 Chemerswell.⁵
1242 746 1427 777 Defendens
1439 746 1517 777 dicit
1529 746 1615 785 quod
1628 756 1667 777 ne
1679 756 1824 785 vnquam

482 796 609 827 seisitus
623 806 680 827 nec
695 796 812 834 probat
826 796 903 834 quia
918 796 1055 827 Ioannes
1069 796 1168 827 frater
1181 796 1248 827 eius
1261 796 1367 827 tenuit
1381 795 1420 827 de
1434 807 1470 827 eo
1484 796 1516 826 in
1531 796 1648 834 Capite
1661 799 1825 827 tenemen-

483 849 554 877 tum
572 845 650 876 illud
669 849 707 876 vt
725 846 757 876 in
776 845 893 876 Feodo.
934 846 978 876 Et
997 845 1070 876 inde
1089 845 1169 876 obiit
1187 846 1254 876 sine
1274 846 1370 884 prole.
1411 846 1455 876 Et
1474 849 1547 884 post
1566 846 1633 884 ipse
1650 845 1773 876 seisivit
1790 845 1823 876 in

482 906 598 926 manus
617 905 692 926 suas
711 906 878 934 quousque
898 896 1018 926 Rectus
1037 895 1126 926 heres
1142 896 1265 926 veniret
1286 895 1327 926 ad
1347 895 1530 926 faciendum
1548 895 1718 926 servicium
1737 895 1824 926 debi-

483 949 563 976 tum.
603 946 647 976 Et
664 945 750 984 quod
768 946 911 983 Rogerus
928 945 983 984 qui
998 949 1047 976 est
1061 945 1101 976 ad
1117 945 1213 976 fidem
1228 945 1323 983 Regis
1338 945 1512 976 Frauncie⁶
1530 948 1579 976 est
1596 945 1716 976 Rectus
1734 944 1824 976 heres

482 998 515 1026 et
533 995 764 1033 primogenitus
781 995 837 1033 qui
854 998 928 1033 post
945 995 1035 1026 venit
1053 994 1092 1026 de
1110 995 1256 1033 partibus
1274 994 1496 1026 transmarinis
1513 998 1546 1025 et
1563 1005 1596 1025 se
1619 994 1750 1025 intrusit
1767 994 1823 1025 sed

482 1055 546 1075 non
561 1045 705 1083 permisit
719 1045 857 1075 sesinam
872 1044 989 1075 habere
1004 1045 1080 1083 quia
1094 1055 1157 1075 non
1173 1044 1372 1083 intelligebat
1387 1044 1492 1082 ipsum
1507 1043 1628 1082 aliquid
1643 1044 1692 1075 ius
1705 1043 1824 1075 habere

482 1105 555 1125 curn
581 1094 714 1125 fratrem
740 1094 990 1132 primogenitum
1016 1094 1159 1125 haberet.
1207 1094 1368 1125 Walterus
1394 1094 1472 1125 dicit
1497 1093 1584 1133 quod
1611 1094 1694 1132 petit
1720 1093 1824 1125 dicere

481 1144 635 1183 quicquid
653 1144 725 1175 vult
742 1144 819 1183 quia
837 1144 915 1175 dicit
932 1144 1019 1183 quod
1038 1144 1100 1175 fuit
1118 1144 1149 1174 in
1168 1144 1301 1182 pacifica
1318 1144 1434 1175 seisina
1451 1154 1507 1182 per
1524 1143 1644 1174 multos
1662 1143 1738 1174 dies.
1779 1143 1824 1174 Et

482 1194 588 1225 nullus
605 1194 685 1225 alius
702 1194 791 1225 heres
808 1198 953 1232 apparet.
993 1194 1037 1225 Et
1054 1194 1221 1232 Philippus
1238 1194 1343 1232 ipsum
1360 1194 1477 1224 iniuste
1494 1193 1597 1224 eiecit.
1635 1193 1679 1224 Et
1701 1193 1740 1224 de
1762 1193 1822 1224 hoc

483 1244 538 1275 διο.
564 1243 705 1282 Iur(ata)
719 1243 797 1275 dicit
808 1243 894 1282 quod
907 1243 1069 1282 predictus
1080 1244 1217 1275 Ioannes
1229 1244 1310 1274 obiit
1320 1244 1387 1274 sine
1398 1243 1485 1282 prole
1496 1243 1551 1274 sed
1562 1243 1678 1274 habuit
1689 1243 1823 1274 fratrem

483 1294 645 1332 Rogerum
663 1293 791 1325 nomine
810 1293 939 1324 maioris
957 1294 1054 1325 etatis
1072 1304 1170 1332 quam
1189 1293 1352 1332 predictus
1369 1293 1530 1324 Walterus
1548 1292 1604 1332 qui
1622 1296 1671 1324 est
1688 1292 1721 1322 in
1740 1293 1824 1323 Nor-

482 1343 591 1374 mania
604 1347 642 1374 vt
655 1343 790 1375 credunt
804 1347 837 1374 et
850 1353 914 1374 non
929 1347 977 1374 est
991 1343 1032 1374 ad
1046 1343 1142 1374 fidem
1156 1343 1252 1382 Regis
1265 1342 1321 1374 sed
1335 1353 1502 1382 nunquam
1515 1353 1589 1374 eum
1600 1342 1751 1373 viderunt
1765 1351 1823 1373 nec

482 1404 627 1432 vnquam
645 1393 677 1423 in
696 1397 804 1431 partes
821 1393 900 1424 istas
917 1393 1007 1424 venit
1025 1392 1067 1424 ad
1086 1393 1256 1424 clamorem
1275 1403 1435 1430 apponere
1453 1402 1510 1423 nec
1528 1392 1634 1423 sciunt
1652 1395 1763 1423 vtrum
1780 1391 1823 1423 sit

482 1443 576 1474 vivus
592 1446 650 1474 aut
665 1446 822 1474 mortuus.
867 1443 911 1474 Et
927 1442 1080 1474 defuncto
1101 1444 1222 1474 Ioanne
1242 1442 1416 1474 defendens
1437 1446 1474 1473 vt
1494 1442 1644 1473 dominus
1664 1440 1823 1479 Capitalis

483 1503 540 1531 pro
555 1503 588 1524 se
604 1492 635 1523 in
651 1492 801 1524 seisinam
816 1492 906 1524 salvo
922 1492 989 1523 iure
1005 1494 1060 1524 &c
1098 1493 1176 1524 Post
1191 1492 1352 1524 Walterus
1369 1491 1507 1523 Rediens
1523 1491 1704 1530 anpartibus
1719 1494 1824 1522 trans-

482 1542 614 1574 marinis
632 1542 739 1580 posuit
756 1553 789 1573 se
806 1542 838 1572 in
856 1542 1005 1573 seisinam
1023 1552 1078 1580 per
1095 1543 1223 1573 Novem
1241 1542 1319 1580 dies,
1338 1552 1402 1581 quo
1419 1541 1531 1573 audito
1548 1541 1716 1579 Philippus
1733 1540 1823 1572 illum

482 1592 584 1623 eiecit.
621 1592 665 1623 Et
680 1592 763 1630 petit
778 1591 938 1623 Iudicium
954 1592 1051 1624 Curie
1066 1592 1107 1623 ad
1124 1592 1369 1624 discernendum
1383 1591 1410 1623 si
1424 1591 1498 1623 talis
1512 1590 1629 1622 seisina
1642 1590 1777 1621 Walteri
1791 1593 1824 1622 et

482 1642 594 1673 eiectio
610 1642 750 1680 Philippi
766 1642 828 1673 fuit
844 1642 1066 1673 (lisseisina1n.⁷
1102 1643 1181 1673 Post
1196 1642 1273 1681 quia
1288 1644 1429 1673 testatur
1444 1640 1531 1680 quod
1547 1641 1708 1672 Walterus
1724 1640 1824 1671 habet

482 1692 615 1723 fratrem
632 1696 825 1723 antenatum
842 1692 874 1722 in
891 1691 1103 1730 Normannia,
1122 1696 1155 1723 et
1171 1691 1270 1723 habet
1286 1691 1331 1721 ibi
1347 1695 1477 1729 terram,
1495 1695 1528 1722 et
1544 1690 1621 1722 fecit
1636 1690 1823 1729 homagium

483 1742 642 1780 Episcopo
661 1741 852 1780 Baiocensi,⁸
868 1745 902 1773 et
918 1741 984 1779 ipse
1004 1741 1182 1779 Episcopus
1202 1741 1282 1780 Regi
1301 1741 1490 1779 Frauncie;⁹
1507 1740 1546 1771 de
1565 1739 1707 1771 Consilio
1727 1739 1823 1771 Curie

482 1795 567 1822 terra
581 1794 731 1822 teneatur
744 1791 776 1821 in
790 1801 889 1822 manu
904 1791 1000 1830 Regis
1013 1801 1115 1830 usque
1129 1792 1198 1822 Rex
1211 1790 1298 1822 aliud
1313 1791 1369 1822 &a
1405 1791 1449 1821 Et
1462 1790 1611 1828 Philippo
1625 1789 1701 1820 fecit
1715 1788 1823 1820 dande

482 1852 524 1872 xv
547 1842 687 1872 marce.¹⁰
724 1841 768 1872 Et
792 1840 859 1872 dies
882 1840 979 1872 datus
1002 1844 1051 1872 est
1075 1841 1103 1872 ei
1126 1840 1167 1872 ad
1191 1840 1352 1871 Iudicium
1375 1851 1470 1871 suum
1493 1839 1691 1871 audiendum
1715 1849 1823 1870 coram

537 1914 545 1929 ¹
565 1911 704 1937 Lincoln's
715 1912 767 1937 Inn
779 1911 860 1937 MSS.
881 1912 952 1937 Hale
962 1912 1125 1943 Collection,

484 1950 525 1975 16.
561 1949 611 1975 See
629 1950 654 1975 J.
673 1950 784 1975 Hunter
805 1949 917 1975 “Three
929 1949 1098 1981 Catnlogues
1110 1949 1125 1961 '¹

1178 1911 1206 1937 in
1222 1912 1350 1937 different
1365 1911 1507 1942 localities,
1520 1910 1677 1942 depending
1687 1918 1763 1942 upon
1775 1909 1823 1936 the

1178 1949 1287 1981 quality
1300 1949 1329 1974 of
1343 1948 1391 1974 the
1402 1948 1460 1980 soil,
1474 1948 1521 1974 the
1532 1947 1696 1980 population
1708 1948 1756 1973 &c
1790 1947 1823 1973 In

485 1987 586 2019 (1838),
603 1995 630 2018 p.
645 1987 705 2013 286.
741 1986 809 2012 This
822 1995 884 2012 case
897 1987 919 2012 is
932 1989 982 2012 not
996 1987 1024 2012 in
1038 1987 1127 2012 Placi-

482 2028 567 2050 torum
605 2024 781 2055 Abbrezdasto,
814 2032 865 2049 nor
895 2024 923 2049 in
956 2024 1004 2049 the
1035 2024 1127 2049 Rutuli

483 2061 735 2091 Parliamcntorum,
763 2070 813 2087 nor
830 2060 852 2086 is
869 2061 889 2087 it
904 2064 933 2087 to
947 2061 981 2087 be
994 2061 1081 2087 found
1099 2061 1126 2087 in

482 2099 530 2125 the
540 2099 624 2124 Curia
635 2099 713 2130 Reyis
727 2099 787 2124 Roll
796 2099 829 2124 T.
840 2099 873 2124 T.
884 2099 917 2125 27
928 2099 1000 2124 Hen.
1012 2099 1064 2131 ΙΙΙγ
1077 2107 1127 2124 nor

481 2136 510 2162 in
535 2136 597 2162 Roll
624 2137 682 2168 125,
701 2145 762 2162 now
785 2136 1000 2168 corresponding
1024 2139 1054 2162 to
1079 2136 1127 2162 the

481 2174 583 2200 former
597 2173 659 2199 Roll
676 2175 716 2199 17.

536 2212 545 2227 ²
564 2212 598 2236 24
612 2211 692 2243 June,
709 2211 786 2236 1243.

536 2250 545 2264 ¹
564 2249 588 2274 A
605 2248 711 2274 Walter
729 2248 870 2281 Boystard
887 2256 943 2274 was
956 2248 1016 2274 lord
1033 2248 1062 2274 of
1079 2248 1126 2274 the

482 2294 580 2312 manor
592 2286 620 2311 of
637 2285 878 2317 Lethenborough,
890 2285 991 2317 Bucks,
1006 2285 1126 2318 perhaps

481 2323 509 2348 in
522 2323 570 2349 the
584 2323 739 2349 thirteenth
753 2326 879 2355 century.
912 2323 963 2349 See
976 2323 1030 2348 The
1044 2323 1126 2349 Gene-

481 2361 584 2392 alom'st,
600 2368 654 2385 Ns.
671 2361 764 2391 (1886)
780 2360 832 2392 111,
850 2361 909 2386 137.

537 2399 546 2414 ⁸
564 2397 624 2423 The
638 2397 821 2429 plough-land
832 2406 888 2423 was
899 2406 915 2423 a
927 2397 1050 2423 variable
1062 2406 1125 2423 area

1178 1986 1226 2012 the
1248 1986 1409 2018 Domesday
1425 1986 1454 2011 of
1475 1985 1629 2012 Inclosures
1653 1985 1745 2015 (1897)
1766 1985 1822 2010 Mr.

1178 2023 1300 2050 Leadam
1320 2023 1370 2049 has
1389 2023 1481 2049 shevm
1503 2022 1565 2048 that
1582 2024 1610 2048 in
1629 2022 1678 2048 the
1693 2021 1824 2048 Midland

1178 2061 1233 2087 and
1251 2061 1389 2087 Southern
1408 2060 1533 2086 enunties
1547 2060 1576 2086 of
1593 2059 1683 2086 which
1697 2068 1737 2085 we
1751 2059 1823 2085 have

1177 2102 1287 2124 returns
1301 2099 1323 2124 it
1335 2098 1471 2129 averaged
1485 2097 1580 2123 rather
1591 2105 1667 2123 more
1678 2097 1747 2122 than
1759 2096 1823 2123 nine

1178 2144 1254 2162 acres
1267 2136 1295 2161 in
1311 2136 1378 2161 1517
1395 2135 1443 2166 (ib.
1458 2136 1481 2161 I.
1495 2136 1552 2165 54).

1235 2175 1243 2189 ⁵
1262 2173 1389 2200 Chiswell
1401 2173 1483 2198 Farm
1492 2172 1521 2198 in
1530 2173 1662 2204 Cumnor,
1673 2171 1771 2203 Berks;
1782 2179 1822 2197 see

1178 2211 1252 2236 Close
1276 2211 1358 2243 Rolls,
1380 2211 1545 2243 1242—1247,
1571 2218 1598 2242 p.
1624 2210 1686 2241 1223
1711 2209 1767 2234 Cal.
1793 2208 1824 2240 of

1177 2248 1236 2274 Pac.
1252 2248 1332 2280 Reus,
1348 2248 1513 2279 1232-1247,
1528 2256 1555 2280 p.
1568 2247 1630 2273 391.

1233 2287 1242 2302 ⁵
1260 2285 1328 2311 This
1337 2285 1421 2311 raises
1431 2285 1478 2310 the
1488 2284 1616 2316 question
1626 2283 1655 2309 of
1664 2282 1821 2314 allegiance,

1176 2331 1212 2349 on
1229 2326 1348 2348 account
1365 2322 1394 2348 of
1414 2321 1511 2354 which,
1526 2320 1676 2352 doubtless,
1695 2320 1743 2346 the
1761 2327 1823 2345 case

1177 2369 1232 2386 was
1246 2359 1366 2386 referred
1383 2362 1412 2385 to
1426 2359 1474 2385 the
1487 2358 1603 2385 council.
1635 2357 1722 2389 Coke,
1737 2356 1823 2389 citing

1177 2397 1308 2429 Bmcton,
1321 2397 1368 2423 lib.
1383 2398 1399 2423 2
1412 2397 1450 2422 fo.
1462 2398 1532 2428 80a.‚
1549 2404 1614 2427 says
1630 2395 1746 2426 “Every
1755 2394 1823 2421 free-
