2112 2901
489 157 537 193 99
771 166 892 192 CASEs
919 165 1078 191 BEFORE
1105 165 1186 190 THE
1213 165 1351 190 KING’S
1379 165 1555 191 COUNCIL

491 244 680 283 preteritum
698 244 788 274 venit
805 243 846 274 ad
864 243 1041 282 predictam
1059 243 1187 273 Turrim
1204 253 1269 274 una
1287 253 1359 274 cum
1377 242 1521 281 predicto
1538 243 1682 274 Roberto
1700 243 1832 282 Poleyn‚

491 298 523 325 et
541 305 613 325 cum
630 294 771 324 venisset
787 293 861 325 illuc
878 293 909 323 in
927 293 1023 323 domo
1039 292 1095 323 ubi
1112 292 1199 324 dicta
1216 292 1383 331 inquisicio
1400 293 1597 331 remanebat,
1615 296 1653 324 ut
1670 293 1833 331 predictus

492 344 654 374 Robertus
674 343 795 381 Poleyn
815 342 961 380 asseruit,
983 342 1145 381 predictus
1165 342 1342 373 Willelmus
1362 342 1458 380 peciit
1478 342 1583 373 visum
1603 343 1767 373 antedicte
1787 343 1834 373 in-

491 393 685 432 quisicionis,
716 403 814 431 quam
843 392 957 423 videns
986 392 1153 430 requisiuit
1182 402 1256 422 eum
1285 391 1412 422 diuersa
1440 391 1503 423 alia
1531 392 1662 423 recorda
1691 395 1834 423 scrutare

492 443 668 473 dummodo
693 442 759 481 ipse
784 442 961 473 Willelmus
986 441 1070 472 dicte
1094 441 1313 480 inquisicionis
1338 441 1463 480 copiam
1487 441 1649 472 scriberet.
1696 442 1834 480 Ipseque

492 493 664 530 Robertus,
683 492 784 523 sciens
800 492 906 530 ipsum
922 491 1117 522 Willelrnum
1134 502 1202 522 esse
1219 491 1367 522 clericum
1384 491 1533 522 scaccarii
1550 491 1672 522 domini
1688 491 1785 530 Regis
1801 495 1835 523 et

492 546 589 581 prout
608 542 706 573 moris
726 545 775 572 est
794 542 940 581 juratum
960 541 1063 572 eidem
1084 541 1215 572 domino
1236 541 1325 579 Regi,
1348 541 1493 579 permisit
1513 541 1618 579 ipsum
1639 541 1834 572 Willelmum

492 592 595 623 solum
615 592 807 622 scribentem
827 591 952 630 copiam
972 591 1190 630 inquisicionis
1208 591 1371 621 antedicte
1390 591 1567 622 dummodo
1585 591 1652 629 ipse
1672 591 1836 622 Robertus

493 641 575 673 circa
593 641 774 680 predictum
791 641 879 672 aliud
897 641 1093 672 scrutineum
1111 640 1240 671 aliunde
1258 640 1366 671 extitit
1383 644 1570 679 occupatus,
1590 651 1646 679 per
1663 641 1749 679 quod
1767 641 1835 679 ipse

492 692 655 722 Robertus
676 691 757 722 bene
778 691 888 722 recolit
910 691 996 729 quod
1018 690 1085 729 ipse
1106 700 1285 729 numquam
1306 690 1446 729 aliquem
1467 690 1585 721 habere
1600 690 1723 729 largum
1740 701 1835 721 suum

493 741 614 772 dictam
644 741 850 779 nephandam
881 751 1025 772 rasuram
1055 740 1165 771 fecisse
1195 740 1339 779 permisit
1368 740 1429 770 nisi
1458 740 1623 771 solomodo
1654 740 1834 779 predictum

492 791 697 822 Willelmum.
734 791 778 821 Et
792 791 863 821 ideo
878 790 974 829 peciit
989 790 1075 828 quod
1090 790 1253 828 predictus
1267 789 1444 821 Willelmus
1458 790 1500 821 sit
1514 793 1650 821 vocatus
1664 790 1695 820 in
1711 790 1834 821 dictum

493 841 660 872 consilium
683 841 721 871 de
743 844 776 871 et
797 851 893 879 super
914 840 1075 878 premissis
1096 839 1271 870 examinari
1293 843 1354 870 etc.
1398 840 1442 870 Et
1466 850 1562 878 super
1586 840 1646 870 hoc
1672 840 1836 878 predictus

493 891 655 922 Robertus
676 891 825 921 Danvers
846 900 903 928 pro
923 890 1038 928 majori
1060 889 1277 920 declaracione
1297 900 1334 920 ac
1355 900 1431 920 vera
1451 892 1484 920 et
1505 889 1599 927 plena
1619 889 1836 920 ratificacione

492 940 676 971 innocencie
706 951 761 971 sue
792 940 831 970 de
861 950 972 970 rasura
1002 939 1147 977 predicta
1177 939 1313 977 protulit
1343 939 1485 969 diuersas
1516 939 1624 977 copias
1653 939 1836 970 litterarum

492 990 621 1020 nomine
642 990 777 1028 predicti
796 989 953 1020 Johannis
973 989 1145 1027 Lydeyard
1165 988 1325 1019 factarum
1346 988 1524 1026 predictam
1544 999 1689 1020 rasuram
1709 999 1836 1020 concer-

492 1040 652 1077 nencium,
673 1043 705 1070 et
725 1043 799 1077 post
818 1039 953 1070 eandem
973 1049 1117 1069 rasuram
1138 1038 1339 1077 diuulgatam
1359 1038 1503 1076 predicto
1522 1038 1680 1069 Willehno
1700 1039 1836 1070 directa-

492 1100 574 1120 rum.
619 1089 758 1120 Protulit
780 1089 881 1120 eciam
904 1088 1067 1127 predictus
1090 1088 1252 1119 Robertus
1274 1088 1398 1119 litteras
1420 1088 1668 1127 rescripcionum
1690 1088 1835 1127 ejusdem

493 1139 642 1170 Willelmi
658 1139 786 1177 propria
800 1149 900 1170 manu
916 1149 974 1169 sua
989 1138 1125 1176 scriptas
1140 1141 1173 1169 et
1188 1138 1289 1176 sigillo
1304 1148 1362 1168 suo
1378 1138 1520 1177 signatas
1536 1138 1680 1176 predicto
1695 1138 1836 1169 Johanni

494 1189 665 1227 Lydeyard
680 1189 828 1226 directas,
845 1188 994 1219 credente
1009 1188 1077 1226 ipso
1092 1188 1251 1219 Willelmo
1265 1188 1394 1218 easdem
1409 1188 1533 1218 litteras
1548 1188 1589 1219 ad
1604 1188 1836 1226 possessionem

493 1239 628 1277 predicti
643 1239 660 1269 J
664 1238 800 1269 ohannis
814 1238 985 1277 Lydeyard
1001 1241 1131 1269 tantum
1146 1241 1178 1268 et
1192 1248 1257 1268 non
1271 1237 1313 1268 ad
1328 1237 1559 1276 possessionem
1573 1238 1704 1268 alterius
1719 1238 1837 1268 deuen-

493 1289 553 1319 isse
582 1289 717 1319 eandem
747 1299 891 1319 rasuram
920 1291 1100 1326 tangentes.
1152 1288 1190 1317 In
1219 1287 1337 1326 quibus
1366 1287 1496 1326 quidem
1525 1287 1707 1318 litterarum
1737 1287 1837 1326 copiis

493 1338 622 1369 nomine
640 1338 739 1376 ipsius
757 1338 923 1375 Johannis,
942 1341 980 1368 ut
999 1337 1179 1376 predictum
1198 1340 1256 1375 est,
1276 1337 1436 1368 factarum
1455 1340 1487 1368 et
1505 1337 1609 1367 eidem
1627 1337 1785 1368 Willelmo
1804 1337 1837 1367 in

493 1388 597 1419 forma
616 1388 760 1426 predicta
779 1387 973 1419 directarum
992 1387 1076 1417 inter
1094 1387 1158 1418 alia
1180 1387 1240 1417 iste
1263 1387 1402 1417 clausule
1425 1390 1595 1425 sequentes
1619 1387 1835 1425 continentur,

493 1438 643 1468 videlicet
659 1438 691 1468 in
709 1438 811 1476 prima
829 1437 933 1475 copia:
965 1437 1065 1475 Right
1082 1437 1276 1467 welbeloved
1294 1436 1413 1474 frende,
1432 1437 1447 1467 Ι
1466 1437 1625 1467 comaund
1642 1447 1693 1467 me
1710 1440 1744 1467 to
1761 1447 1837 1475 you,

493 1488 558 1518 and
571 1488 644 1518 wull
656 1498 696 1525 ye
708 1487 804 1518 witen
817 1488 838 1505 ¹4
850 1487 923 1518 that
936 1487 984 1517 hit
997 1487 1022 1517 is
1034 1487 1156 1525 gretely
1169 1486 1290 1524 noysed
1307 1486 1338 1516 in
1354 1497 1431 1517 oure
1447 1490 1580 1524 contrey
1592 1488 1613 1505 ¹⁵
1628 1487 1673 1525 by
1688 1487 1839 1517 Danvers

493 1538 567 1568 that
581 1537 636 1568 the
651 1537 769 1568 clerkes
783 1537 817 1567 of
830 1537 885 1567 the
899 1538 987 1567 Tour
1000 1547 1078 1575 seyn
1092 1537 1165 1567 that
1179 1547 1219 1574 ye
1233 1536 1324 1567 rased
1339 1536 1394 1567 the
1408 1536 1517 1567 record
1531 1536 1565 1567 of
1578 1536 1665 1567 Piers
1679 1536 1836 1575 Seintjon,

494 1587 665 1618 wherefore
683 1587 697 1617 I
716 1597 815 1625 praye
831 1597 896 1625 you
913 1587 991 1618 send
1008 1597 1059 1617 me
1076 1586 1165 1617 wurd
1184 1587 1227 1624 by
1244 1586 1339 1617 letter
1355 1586 1498 1617 whether
1514 1597 1580 1624 any
1596 1586 1629 1617 of
1646 1586 1701 1617 the
1719 1586 1840 1617 clerkes

493 1637 527 1668 of
542 1637 596 1668 the
612 1638 700 1667 Tour
714 1637 746 1667 in
762 1647 827 1675 any
842 1647 927 1675 wyse
942 1637 1046 1675 might
1061 1636 1149 1674 aspie
1164 1647 1228 1674 you
1244 1636 1276 1666 in
1292 1646 1410 1674 rasyng
1424 1635 1457 1666 of
1472 1636 1527 1666 the
1543 1636 1620 1674 seyd
1637 1636 1756 1674 record,
1773 1636 1838 1667 and

494 1687 637 1717 whether
647 1697 686 1725 ye
698 1687 781 1718 haue
792 1687 880 1717 tolde
890 1697 972 1725 your
984 1686 1123 1717 counsell
1136 1690 1169 1717 to
1181 1697 1245 1724 any
1257 1685 1290 1716 of
1300 1696 1382 1724 your
1392 1685 1519 1716 felowes
1530 1686 1604 1716 that
1615 1686 1641 1716 is
1652 1685 1838 1724 aqueynted

493 1737 571 1767 with
585 1737 721 1774 Davers,
737 1740 797 1767 etc.
834 1736 877 1767 Et
891 1736 998 1775 quoad
1013 1736 1109 1766 istam
1123 1736 1265 1766 litteram
1279 1739 1312 1766 et
1326 1735 1484 1766 clausulas
1498 1735 1661 1774 predictus
1675 1736 1840 1766 Robertus

494 1787 595 1817 eciam
618 1786 753 1824 protulit
775 1786 939 1824 quandam
961 1786 1103 1816 litteram
1126 1785 1261 1824 predicti
1282 1785 1432 1816 Willelmi
1453 1785 1687 1823 responsoriam
1710 1785 1839 1823 propria

494 1847 593 1867 manu
616 1846 674 1866 sua
696 1836 849 1874 scriptam
872 1839 905 1866 et
928 1835 1071 1874 predicto
1094 1835 1234 1866 Johanni
1257 1835 1412 1866 directam
1434 1835 1467 1865 in
1490 1845 1554 1873 qua
1577 1835 1706 1873 quidem
1729 1835 1838 1865 littera

493 1885 554 1916 iste
576 1885 715 1916 clausule
736 1889 906 1924 sequentes
926 1885 1010 1916 inter
1030 1885 1093 1916 alia
1114 1885 1334 1915 continentur:
1369 1885 1532 1915 Reuerent
1552 1885 1617 1915 and
1638 1884 1838 1923 wurshipfull

494 1935 545 1973 sir,
566 1935 580 1965 Ι
599 1935 829 1966 recommaund
846 1945 898 1966 me
915 1938 996 1966 unto
1014 1945 1088 1973 you,
1109 1934 1258 1973 desiryng
1275 1945 1357 1972 your
1374 1934 1457 1973 good
1475 1934 1611 1972 welfare,
1631 1945 1756 1973 prayng
1773 1944 1839 1972 you

494 1988 528 2016 to
548 1985 777 2016 recommaund
796 1995 848 2015 ine
866 1988 947 2016 unto
965 1995 1021 2023 my
1040 1984 1187 2015 maistres
1207 1994 1289 2022 your
1307 1984 1388 2022 wife,
1409 1984 1517 2022 doyng
1535 1994 1600 2022 you
1619 1987 1653 2015 to
1672 1984 1746 2014 wite
1765 1984 1840 2015 that

494 2035 509 2065 I
529 2035 722 2065 undirstand
741 2045 823 2073 your
840 2034 936 2065 letter
954 2034 1040 2065 wele.
1080 2034 1154 2064 And
1174 2044 1209 2065 as
1228 2034 1394 2072 touchyng
1413 2034 1468 2064 the
1487 2034 1606 2065 clerkes
1625 2033 1659 2064 of
1677 2033 1732 2064 the
1751 2034 1841 2064 Tour

494 2084 599 2116 Credo
614 2085 701 2123 quod
715 2095 779 2115 non
794 2084 887 2122 vidit,
902 2087 963 2115 etc.
999 2084 1072 2114 And
1087 2094 1122 2115 as
1136 2084 1302 2122 touchyng
1316 2083 1371 2114 the
1386 2083 1525 2115 counsell
1539 2083 1670 2114 Nemini
1684 2083 1841 2122 loquebar

494 2134 554 2165 nisi
566 2134 653 2172 quod
665 2134 753 2165 scitis
764 2137 825 2165 etc.
858 2134 985 2164 Deinde
999 2134 1083 2164 idem
1098 2134 1261 2164 Robertus
1275 2133 1410 2172 protulit
1424 2133 1588 2172 quandam
1603 2133 1698 2164 aliam
1713 2133 1839 2171 copiam

495 2184 664 2223 cujusdam
680 2184 811 2215 alterius
826 2183 932 2214 littere
947 2184 1076 2214 nomine
1092 2183 1227 2222 predicti
1242 2184 1260 2214 J
1263 2183 1399 2214 ohannis
1414 2183 1499 2214 facte
1514 2186 1546 2214 et
1562 2183 1665 2213 eidem
1680 2182 1841 2213 Willelmo

495 2234 614 2265 directe
632 2234 811 2272 predictam
828 2244 973 2265 rasuram
990 2233 1164 2272 tangentis.
1204 2234 1243 2263 In
1261 2243 1325 2271 qua
1342 2233 1473 2271 quidem
1491 2232 1583 2271 copia
1599 2232 1683 2263 inter
1699 2232 1762 2263 alia
1779 2232 1841 2263 iste

495 2283 635 2314 clausule
652 2283 871 2314 continentur:
902 2284 917 2314 I
934 2283 1019 2322 preie
1034 2293 1099 2321 you
1115 2283 1193 2313 send
1209 2293 1260 2313 me
1276 2283 1355 2321 redy
1370 2282 1460 2313 wurd
1476 2282 1619 2313 whether
1634 2282 1690 2313 the
1706 2281 1791 2313 clerk
1806 2281 1840 2312 in

495 2343 559 2371 any
578 2343 662 2371 wyse
680 2333 784 2372 might
804 2333 892 2371 aspie
912 2343 977 2371 you
998 2333 1090 2363 while
1106 2333 1161 2363 the
1177 2343 1286 2363 rasure
1303 2342 1367 2363 was
1384 2332 1416 2362 in
1432 2332 1519 2363 hond
1537 2332 1602 2363 and
1618 2331 1704 2362 wher
1718 2331 1841 2362 aboute

495 2383 550 2413 the
571 2383 656 2413 clerk
676 2393 741 2414 was
761 2382 897 2421 ocupied
917 2383 949 2413 in
970 2383 1026 2413 the
1045 2393 1138 2413 mene
1158 2386 1258 2420 tyme.
1299 2382 1374 2413 And
1394 2381 1461 2413 also
1481 2382 1559 2412 send
1579 2392 1630 2412 me
1650 2381 1729 2419 redy
1750 2380 1840 2411 wurd
