2112 2901
489 168 536 203 26
770 176 891 202 CASES
917 175 1077 200 BEFORE
1104 175 1184 200 THE
1212 174 1349 200 KING›s
1376 174 1552 200 couNolL

490 259 634 294 tempore
649 255 733 286 dicte
748 254 928 285 vacacionis
943 253 1254 291 Archiepiscopatus,
1270 262 1328 291 pro
1342 263 1407 291 quo
1421 252 1570 284 dominus
1584 253 1654 284 Rex
1667 261 1740 285 eam
1755 261 1832 283 con-

490 305 565 337 tulit
587 305 674 336 dicto
696 304 848 342 Waltero,
871 303 1002 342 ipseque
1023 303 1184 334 Walterus
1205 302 1328 333 nullum
1351 302 1449 333 alium
1471 305 1594 333 statum
1615 301 1690 333 inde
1711 301 1832 333 clamat

490 355 549 386 nisi
569 366 606 386 ex
625 355 695 393 ipsa
713 354 825 385 eadem
845 353 1016 384 collacione
1035 356 1095 384 810.
1116 352 1245 383 ν1(181111
1264 351 1394 383 consilio
1413 351 1509 390 Regis
1528 351 1634 390 ipsum
1652 351 1830 382 Walterum

490 405 538 436 ius
552 405 669 435 habere
683 404 715 434 in
731 403 927 442 possessione
941 413 999 433 sua
1013 402 1086 433 inde
1101 406 1161 433 etc.
1198 402 1242 433 Et
1255 412 1350 440 super
1363 401 1422 433 hoc
1438 401 1668 432 concordatum
1681 404 1730 432 est
1744 400 1830 439 quod

491 454 653 493 predictus
670 453 857 484 Franciscus
874 452 970 483 nichil
988 455 1153 490 recuperet
1170 461 1225 490 per
1242 451 1433 490 peticionem
1450 461 1542 482 suam
1559 450 1747 489 predictam.
1786 450 1831 481 Et

490 504 670 535 iniunctum
685 506 734 534 est
750 502 893 541 predicto
908 502 1060 540 Waltero,
1077 501 1137 532 sub
1153 501 1240 532 omni
1255 512 1292 532 eo
1307 501 1394 540 quod
1410 500 1491 540 Regi
1505 500 1686 532 forisfacere
1701 499 1830 539 poterit,

489 554 576 592 quod
600 564 673 584 cum
696 556 768 584 tota
789 552 957 591 diligencia
978 555 1011 583 et
1034 555 1104 583 toto
1127 562 1219 590 posse
1240 560 1298 582 suo
1320 553 1531 582 manuteneat
1553 553 1586 581 et
1608 549 1761 581 defendat
1783 549 1833 581 ius

490 603 611 635 domini
632 603 728 641 Regis
748 613 805 642 pro
826 601 998 634 collacione
1018 601 1172 640 predicta,
1193 604 1227 633 et
1246 600 1477 640 possessionem
1496 610 1588 632 suam
1608 599 1640 630 in
1660 599 1730 638 ipsa
1749 599 1833 630 The-

490 653 642 691 sauraria,
661 656 693 684 et
710 652 810 683 eciam
828 655 1040 690 prosequatur
1056 661 1166 682 versus
1183 650 1350 682 dom‘inum
1368 651 1488 689 Regem
1505 653 1538 681 et
1555 649 1721 681 consilium
1737 659 1832 680 suum

490 713 585 741 super
600 702 716 733 auxilio
731 702 805 733 inde
820 701 968 733 habendo
984 704 1044 732 etc.
1061 712 1134 732 cum
1150 700 1267 732 viderit
1282 703 1488 739 oportunum.
1526 699 1768 731 Concordatum
1783 701 1834 730 est

490 753 591 784 eciam
608 753 694 791 quod
716 752 796 783 fiant
813 751 841 783 ei
861 751 967 783 littere
984 750 1080 790 Regis
1096 751 1136 782 de
1153 750 1352 782 Cancellaria
1368 760 1571 788 quecumque
1587 749 1707 780 fuerint
1727 759 1834 779 neces-

490 802 571 835 sarie
587 806 647 833 etc.
665 802 706 833 ad
723 801 940 833 defensionem
956 800 1162 840 possessionis
1177 811 1233 831 sue
1249 803 1309 831 etc.
1347 800 1392 830 Et
1407 799 1591 831 rescribitur
1606 798 1737 830 domino
1754 797 1834 836 Regi

491 862 585 891 super
602 852 762 891 premissis
778 851 810 882 in
827 851 883 882 hec
900 851 1013 882 verba:

589 902 665 940 Sire,
679 912 718 933 en
732 901 815 932 dreit
828 901 868 932 de
881 911 936 932 ceo
949 911 988 939 qe
1002 911 1082 931 vous
1095 910 1176 931 nous
1189 899 1407 937 maundastes,
1423 909 1463 937 qe
1483 909 1543 936 oye
1563 898 1594 929 13
1606 901 1835 929 1110115113111108

552 963 592 990 qe
604 951 768 983 lonurable
780 961 853 990 pere
867 961 906 982 en
920 950 993 981 dieu
1008 950 1129 981 Pierres
1143 959 1201 988 par
1214 949 1245 980 la
1257 959 1350 988 grace
1363 948 1403 979 de
1415 948 1488 979 dieu
1500 949 1626 987 Euesqe
1640 948 1679 979 de
1693 947 1832 986 Sabyne,

553 1001 705 1033 Cardinal
722 1001 760 1032 de
777 1001 808 1031 la
823 1000 924 1032 seinte
940 1000 1035 1038 eglise
1050 1000 1090 1030 de
1106 1000 1209 1030 Rome
1225 998 1374 1030 voudreit
1390 998 1468 1029 faire
1484 998 1629 1029 deuaunt
1645 1007 1725 1028 nous
1741 1000 1774 1028 et
1790 996 1835 1027 les

553 1055 661 1082 autres
676 1051 715 1081 de
729 1054 837 1082 vostre
852 1050 981 1088 consail,
997 1059 1057 1088 pur
1071 1048 1150 1080 celui
1166 1059 1206 1087 qe
1220 1048 1254 1079 fu
1269 1048 1430 1079 Tresorier
1443 1058 1482 1079 en
1497 1048 1603 1086 leglise
1617 1046 1834 1085 Deueruwyk,

553 1111 592 1132 en
608 1101 690 1132 dreit
705 1101 744 1132 de
759 1100 906 1131 meismes
921 1100 952 1130 la
965 1099 1118 1136 Tresorie,
1133 1109 1214 1129 nous
1225 1109 1306 1129 vous
1320 1098 1437 1129 fesoms
1448 1107 1540 1129 sauer
1555 1108 1594 1136 qe
1609 1107 1669 1136 oye
1684 1097 1715 1128 la
1729 1106 1837 1128 mous-

554 1154 686 1182 traunce
704 1161 745 1189 qe
762 1160 806 1181 un
825 1150 909 1181 clerk
928 1149 1027 1188 depar
1044 1149 1073 1180 le
1091 1149 1140 1180 dit
1158 1148 1311 1180 Cardinal
1330 1148 1370 1179 ad
1389 1147 1468 1179 faite
1486 1147 1607 1178 deuant
1625 1157 1706 1178 nous
1724 1149 1757 1177 et
1775 1156 1835 1177 voz

553 1201 691 1232 Justices
708 1204 741 1231 et
758 1200 802 1231 les
820 1203 928 1231 autres
945 1199 985 1230 de
1001 1202 1110 1230 vostre
1128 1198 1246 1230 consail
1264 1208 1283 1229 a
1300 1198 1474 1235 Loundms,
1493 1200 1526 1228 et
1543 1197 1616 1228 bien
1634 1200 1667 1227 et
1684 1196 1836 1233 diligeau-

553 1254 643 1282 ment
661 1250 823 1281 examinee
841 1250 872 1280 13
889 1249 955 1280 (1118
973 1249 1136 1287 busoigne,
1156 1249 1248 1279 Nous
1266 1251 1432 1279 trouuoms
1450 1258 1489 1286 qe
1506 1247 1538 1278 la
1555 1247 1621 1278 dite
1639 1246 1784 1277 Tresorie
1801 1245 1836 1276 fu

554 1303 714 1331 vacaunte
728 1310 767 1331 en
782 1300 811 1330 le
825 1303 931 1338 temps
946 1309 985 1338 qe
999 1298 1197 1330 lerceuesche
1212 1297 1395 1336 Deuerwyk
1409 1297 1444 1328 fu
1458 1300 1619 1328 vacaunte
1634 1306 1692 1335 par
1706 1296 1737 1327 la
1751 1298 1837 1326 mort

554 1351 572 1382 J
575 1350 659 1381 ohan
677 1350 704 1381 le
722 1350 882 1387 Romayn,
901 1359 1006 1380 aucun
1024 1352 1129 1386 temps
1147 1348 1325 1386 Erceuesqe
1341 1347 1462 1385 illoqes‚
1481 1350 1513 1378 et
1530 1357 1570 1385 qe
1586 1346 1618 1377 la
1634 1348 1837 1384 temperante

555 1400 594 1430 de
608 1399 754 1430 meismes
770 1399 966 1430 lerceuesche
983 1398 1017 1428 fu
1033 1408 1072 1429 en
1089 1400 1197 1428 vostre
1213 1407 1321 1435 mayn.
1360 1397 1404 1427 Et
1420 1406 1480 1435 pur
1497 1407 1561 1434 ceo,
1579 1396 1648 1433 sire,
1667 1406 1706 1434 qe
1727 1395 1759 1426 la
1775 1395 1838 1426 col-

554 1449 657 1480 1301011
680 1449 735 1480 (185
757 1449 913 1480 benefices
935 1448 1121 1486 appendent
1144 1458 1163 1478 a
1182 1457 1262 1478 vous
1283 1457 1321 1478 en
1338 1447 1426 1477 tieux
1446 1446 1647 1483 vacaciouns,
1665 1449 1697 1476 et
1720 1456 1759 1484 qe
1782 1444 1837 1475 nul

555 1503 660 1537 temps
675 1509 715 1529 ne
730 1502 822 1530 court
837 1509 856 1529 a
871 1508 951 1529 vous
967 1508 1005 1528 en
1022 1497 1088 1528 tieu
1102 1508 1164 1534 cas,
1181 1497 1300 1528 semble
1316 1507 1335 1527 a
1350 1507 1430 1527 nous
1445 1499 1478 1527 et
1493 1506 1513 1526 a
1527 1506 1587 1527 voz
1602 1496 1621 1527 J
1624 1495 1739 1526 ustices
1755 1498 1787 1526 et
1803 1505 1839 1525 as

555 1553 662 1580 autres
679 1549 718 1579 de
735 1552 843 1579 vostre
860 1548 989 1585 consail,
1007 1558 1046 1586 qe
1063 1548 1094 1578 13
1111 1547 1262 1578 0011301011
1281 1547 1320 1577 (18
1336 1546 1367 1577 13
1383 1546 1450 1577 (1118
1468 1545 1611 1577 Tresorie
1628 1544 1802 1584 appendeit
1819 1554 1839 1575 3

555 1609 635 1630 vous
653 1599 692 1629 de
710 1599 793 1629 dreit
811 1598 850 1629 de
868 1601 975 1629 vostre
994 1598 1152 1633 Corouney
1172 1600 1205 1628 et
1223 1607 1262 1635 qe
1280 1607 1360 1627 vous
1378 1596 1409 1626 la
1427 1595 1515 1634 poiez
1534 1599 1567 1626 et
1585 1595 1683 1626 deuez
1702 1595 1801 1626 doner
1819 1604 1838 1625 a

555 1652 662 1679 vostre
674 1648 935 1686 volente,sieome
942 1658 1022 1678 vous
1035 1650 1128 1678 auetz
1141 1647 1201 1677 fait
1213 1650 1327 1677 sauntz
1341 1649 1407 1677 tort
1420 1645 1497 1676 faire
1510 1656 1529 1676 3
1541 1645 1618 1683 111111,
1631 1648 1664 1676 81
1677 1655 1716 1684 qe
1728 1648 1838 1676 vostre

556 1699 654 1734 doun,
673 1698 743 1735 sire,
763 1702 812 1729 est
831 1697 1005 1734 resonable,
1025 1707 1085 1735 pur
1103 1697 1131 1727 18
1150 1697 1232 1727 dreit
1251 1696 1290 1727 de
1309 1699 1416 1727 vostre
1435 1696 1593 1726 Coroune.
1634 1695 1710 1732 Sire,
1731 1698 1839 1725 nostre

556 1749 710 1786 Seignour
725 1757 804 1779 vous
819 1748 911 1778 donit
925 1748 1008 1778 bone
1023 1747 1073 1777 vie
1088 1750 1120 1777 et
1135 1747 1237 1784 longe,
1253 1750 1285 1777 et
1300 1755 1439 1776 accresse
1454 1756 1511 1776 vos
1526 1745 1673 1776 honeurs.
1711 1745 1804 1775 Done
1819 1753 1839 1774 3

556 1798 782 1829 Westminster
797 1798 826 1828 le
842 1797 916 1836 xxij.
933 1797 1005 1836 jour
1022 1797 1065 1827 du
1082 1797 1180 1834 Moys
1196 1796 1236 1827 de
1251 1797 1348 1834 Juyn.

550 1848 667 1878 Postea
684 1847 834 1878 dominus
852 1847 921 1878 Rex
938 1846 1127 1883 Edwardus,
1146 1846 1229 1876 filius
1247 1845 1342 1876 huius
1360 1844 1466 1883 Regis,
1485 1844 1655 1874 mandauit
1672 1843 1722 1874 hic
1741 1843 1838 1874 breue

494 1907 588 1928 suum
607 1897 647 1928 de
666 1897 793 1935 priuato
812 1897 913 1935 sigillo
931 1907 989 1927 5110
1008 1896 1094 1934 quod
1114 1899 1163 1926 est
1182 1895 1265 1926 inter
1283 1894 1466 1926 communia
1485 1894 1524 1925 de
1543 1904 1627 1925 anno
1646 1893 1786 1924 secundo
1805 1893 1837 1923 in

497 1947 554 1978 hec
571 1946 683 1978 verba:

593 1996 731 2027 Edward
752 2006 810 2034 par
829 1996 857 2027 18
872 2006 964 2034 grace
980 1995 1020 2026 (18
1034 1995 1118 2026 Ι)1811
1134 1995 1195 2026 Roi
1209 1994 1426 2033 Dengleterre,
1442 1993 1590 2032 seignour
1606 1993 1785 2024 Dirlaunde
1805 1995 1838 2024 et

556 2046 645 2077 Ducs
666 2046 894 2084 Daquitaigne,
916 2056 957 2076 311
977 2045 1039 2076 11811
1060 2048 1196 2076 1811311111
1216 2048 1324 2075 nostre
1344 2043 1506 2074 Tresorier
1524 2047 1557 2074 et
1577 2054 1612 2074 as
1631 2044 1778 2074 Barouns
1799 2042 1839 2073 de

556 2099 664 2127 nostre
678 2095 850 2126 Eschekier
862 2095 974 2126 salutz.
1012 2095 1103 2126 Nous
1114 2105 1194 2125 vous
1208 2094 1401 2125 maundoms
1416 2104 1455 2132 qe
1469 2103 1550 2124 vous
1565 2093 1651 2124 facez
1666 2093 1791 2124 sercher
1805 2102 1838 2123 es

559 2146 676 2177 Roules
692 2146 731 2176 de
749 2149 857 2177 nostre
873 2144 922 2175 dit
940 2145 1112 2176 Eschekier
1130 2148 1183 2175 tut
1201 2144 1229 2175 le
1246 2144 1370 2175 Record
1387 2147 1419 2174 81
1435 2144 1463 2174 18
1479 2153 1589 2182 proces
1605 2153 1645 2181 qe
1658 2143 1744 2174 feust
1759 2142 1839 2173 nad-

556 2195 657 2234 gaires
672 2196 817 2226 deuaunt
831 2195 859 2226 le
874 2195 1035 2226 Tresorier
1053 2198 1086 2226 et
1105 2194 1149 2226 les
1164 2195 1288 2225 Barons
1303 2194 1354 2225 del
1369 2193 1541 2224 Eschekier
1555 2196 1588 2224 et
1603 2193 1647 2224 les
1664 2196 1771 2224 autres
1793 2192 1836 2223 du
