<?xml version="1.0" encoding="UTF-8"?>
<!DOCTYPE html PUBLIC "-//W3C//DTD XHTML 1.0 Transitional//EN"
    "http://www.w3.org/TR/xhtml1/DTD/xhtml1-transitional.dtd">
<html xmlns="http://www.w3.org/1999/xhtml" xml:lang="en" lang="en">
 <head>
  <title>
</title>
<meta http-equiv="Content-Type" content="text/html;charset=utf-8" />
  <meta name='ocr-system' content='tesseract 3.04.00' />
  <meta name='ocr-capabilities' content='ocr_page ocr_carea ocr_par ocr_line ocrx_word'/>
</head>
<body>
  <div class='ocr_page' id='page_1' title='image "./selectcasesbefor00englrich_0224.png"; bbox 0 0 2112 2901; ppageno 0'>
   <div class='ocr_carea' id='block_1_1' title="bbox 477 174 1542 212">
    <p class='ocr_par' dir='ltr' id='par_1_1' title="bbox 477 174 1542 212">
     <span class='ocr_line' id='line_1_1' title="bbox 477 174 1542 212; baseline 0 -1"><span class='ocrx_word' id='word_1_1' title='bbox 477 176 520 211; x_wconf 89' lang='grc'>51</span> <span class='ocrx_word' id='word_1_2' title='bbox 757 186 878 212; x_wconf 80' lang='lat' dir='ltr'>CAsEs</span> <span class='ocrx_word' id='word_1_3' title='bbox 905 186 1064 211; x_wconf 80' lang='lat' dir='ltr'>BEFORE</span> <span class='ocrx_word' id='word_1_4' title='bbox 1092 186 1172 210; x_wconf 82' lang='lat' dir='ltr'>THE</span> <span class='ocrx_word' id='word_1_5' title='bbox 1200 174 1338 211; x_wconf 82' lang='lat' dir='ltr'>KING’s</span> <span class='ocrx_word' id='word_1_6' title='bbox 1365 185 1542 212; x_wconf 83' lang='lat' dir='ltr'>COUNCIL</span> 
     </span>
    </p>
   </div>
   <div class='ocr_carea' id='block_1_2' title="bbox 475 262 1827 2093">
    <p class='ocr_par' dir='ltr' id='par_1_2' title="bbox 475 262 1827 2093">
     <span class='ocr_line' id='line_1_2' title="bbox 475 262 1825 303; baseline 0.001 -9"><span class='ocrx_word' id='word_1_7' title='bbox 475 266 525 295; x_wconf 89' lang='lat' dir='ltr'>est</span> <span class='ocrx_word' id='word_1_8' title='bbox 548 266 581 294; x_wconf 89' lang='lat' dir='ltr'>et</span> <span class='ocrx_word' id='word_1_9' title='bbox 604 263 768 295; x_wconf 84' lang='lat' dir='ltr'>Johannes</span> <span class='ocrx_word' id='word_1_10' title='bbox 792 263 876 294; x_wconf 88' lang='lat' dir='ltr'>filius</span> <span class='ocrx_word' id='word_1_11' title='bbox 900 262 1120 303; x_wconf 81' lang='lat' dir='ltr'>predictorum</span> <span class='ocrx_word' id='word_1_12' title='bbox 1144 262 1302 295; x_wconf 84' lang='lat' dir='ltr'>Johannis</span> <span class='ocrx_word' id='word_1_13' title='bbox 1324 265 1357 294; x_wconf 88' lang='lat' dir='ltr'>et</span> <span class='ocrx_word' id='word_1_14' title='bbox 1381 263 1494 302; x_wconf 88' lang='lat' dir='ltr'>Egidie</span> <span class='ocrx_word' id='word_1_15' title='bbox 1515 266 1664 295; x_wconf 90' lang='lat' dir='ltr'>mortuus</span> <span class='ocrx_word' id='word_1_16' title='bbox 1687 267 1736 296; x_wconf 86' lang='lat' dir='ltr'>est</span> <span class='ocrx_word' id='word_1_17' title='bbox 1757 264 1825 296; x_wconf 87' lang='lat' dir='ltr'>sine</span> 
     </span>
     <span class='ocr_line' id='line_1_3' title="bbox 475 313 1824 352; baseline 0.001 -8"><span class='ocrx_word' id='word_1_18' title='bbox 475 313 532 344; x_wconf 87' lang='lat' dir='ltr'>her</span> <span class='ocrx_word' id='word_1_19' title='bbox 546 313 604 344; x_wconf 86' lang='lat' dir='ltr'>ede</span> <span class='ocrx_word' id='word_1_20' title='bbox 625 313 664 344; x_wconf 86' lang='lat' dir='ltr'>de</span> <span class='ocrx_word' id='word_1_21' title='bbox 685 323 817 351; x_wconf 88' lang='lat' dir='ltr'>corpore</span> <span class='ocrx_word' id='word_1_22' title='bbox 837 323 895 344; x_wconf 88' lang='lat' dir='ltr'>suo</span> <span class='ocrx_word' id='word_1_23' title='bbox 916 316 1084 352; x_wconf 87' lang='lat' dir='ltr'>procreato</span> <span class='ocrx_word' id='word_1_24' title='bbox 1105 316 1138 344; x_wconf 86' lang='lat' dir='ltr'>et</span> <span class='ocrx_word' id='word_1_25' title='bbox 1159 313 1202 344; x_wconf 87' lang='lat' dir='ltr'>sic</span> <span class='ocrx_word' id='word_1_26' title='bbox 1223 316 1314 344; x_wconf 89' lang='lat' dir='ltr'>tenet</span> <span class='ocrx_word' id='word_1_27' title='bbox 1334 313 1404 351; x_wconf 86' lang='lat' dir='ltr'>ipsa</span> <span class='ocrx_word' id='word_1_28' title='bbox 1424 313 1540 352; x_wconf 86' lang='lat' dir='ltr'>Egidia</span> <span class='ocrx_word' id='word_1_29' title='bbox 1559 313 1741 352; x_wconf 87' lang='lat' dir='ltr'>predictum</span> <span class='ocrx_word' id='word_1_30' title='bbox 1756 324 1824 346; x_wconf 87' lang='lat' dir='ltr'>ma-</span> 
     </span>
     <span class='ocr_line' id='line_1_4' title="bbox 477 361 1823 402; baseline 0.001 -9"><span class='ocrx_word' id='word_1_31' title='bbox 477 361 605 394; x_wconf 88' lang='lat' dir='ltr'>nerium</span> <span class='ocrx_word' id='word_1_32' title='bbox 629 363 670 394; x_wconf 88' lang='lat' dir='ltr'>ad</span> <span class='ocrx_word' id='word_1_33' title='bbox 694 363 869 394; x_wconf 82' lang='lat' dir='ltr'>terminum</span> <span class='ocrx_word' id='word_1_34' title='bbox 892 363 960 393; x_wconf 89' lang='lat' dir='ltr'>vite</span> <span class='ocrx_word' id='word_1_35' title='bbox 982 373 1038 394; x_wconf 87' lang='lat' dir='ltr'>sue</span> <span class='ocrx_word' id='word_1_36' title='bbox 1061 366 1135 401; x_wconf 91' lang='lat' dir='ltr'>post</span> <span class='ocrx_word' id='word_1_37' title='bbox 1158 362 1250 402; x_wconf 85' lang='lat' dir='ltr'>eujus</span> <span class='ocrx_word' id='word_1_38' title='bbox 1272 366 1410 394; x_wconf 87' lang='lat' dir='ltr'>mortem</span> <span class='ocrx_word' id='word_1_39' title='bbox 1436 363 1617 401; x_wconf 87' lang='lat' dir='ltr'>predictum</span> <span class='ocrx_word' id='word_1_40' title='bbox 1643 363 1823 394; x_wconf 87' lang='lat' dir='ltr'>manerium</span> 
     </span>
     <span class='ocr_line' id='line_1_5' title="bbox 482 412 1823 451; baseline 0.002 -9"><span class='ocrx_word' id='word_1_41' title='bbox 482 412 642 443; x_wconf 82' lang='lat' dir='ltr'>Willehno</span> <span class='ocrx_word' id='word_1_42' title='bbox 664 412 757 443; x_wconf 84' lang='lat' dir='ltr'>fratri</span> <span class='ocrx_word' id='word_1_43' title='bbox 780 412 916 451; x_wconf 79' lang='lat' dir='ltr'>predicti</span> <span class='ocrx_word' id='word_1_44' title='bbox 937 412 1096 443; x_wconf 86' lang='lat' dir='ltr'>Johannis</span> <span class='ocrx_word' id='word_1_45' title='bbox 1117 412 1173 442; x_wconf 89' lang='lat' dir='ltr'>filii</span> <span class='ocrx_word' id='word_1_46' title='bbox 1195 412 1370 443; x_wconf 89' lang='lat' dir='ltr'>eorundem</span> <span class='ocrx_word' id='word_1_47' title='bbox 1392 412 1550 444; x_wconf 86' lang='lat' dir='ltr'>Johannis</span> <span class='ocrx_word' id='word_1_48' title='bbox 1572 413 1612 444; x_wconf 93' lang='lat' dir='ltr'>de</span> <span class='ocrx_word' id='word_1_49' title='bbox 1634 413 1769 451; x_wconf 91' lang='lat' dir='ltr'>Molyns</span> <span class='ocrx_word' id='word_1_50' title='bbox 1790 417 1823 445; x_wconf 81' lang='lat' dir='ltr'>et</span> 
     </span>
     <span class='ocr_line' id='line_1_6' title="bbox 483 462 1824 501; baseline 0.001 -9"><span class='ocrx_word' id='word_1_51' title='bbox 483 462 596 500; x_wconf 83' lang='lat' dir='ltr'>Egidie</span> <span class='ocrx_word' id='word_1_52' title='bbox 618 472 782 493; x_wconf 88' lang='lat' dir='ltr'>remanere</span> <span class='ocrx_word' id='word_1_53' title='bbox 804 462 911 500; x_wconf 83' lang='lat' dir='ltr'>debet,</span> <span class='ocrx_word' id='word_1_54' title='bbox 934 462 1122 501; x_wconf 86' lang='lat' dir='ltr'>quiquidem</span> <span class='ocrx_word' id='word_1_55' title='bbox 1144 462 1323 493; x_wconf 87' lang='lat' dir='ltr'>Willehnus</span> <span class='ocrx_word' id='word_1_56' title='bbox 1345 465 1394 493; x_wconf 87' lang='lat' dir='ltr'>est</span> <span class='ocrx_word' id='word_1_57' title='bbox 1415 462 1499 493; x_wconf 89' lang='lat' dir='ltr'>filius</span> <span class='ocrx_word' id='word_1_58' title='bbox 1520 466 1554 493; x_wconf 89' lang='lat' dir='ltr'>et</span> <span class='ocrx_word' id='word_1_59' title='bbox 1575 462 1666 494; x_wconf 86' lang='lat' dir='ltr'>heres</span> <span class='ocrx_word' id='word_1_60' title='bbox 1688 463 1824 501; x_wconf 77' lang='lat' dir='ltr'>predicti</span> 
     </span>
     <span class='ocr_line' id='line_1_7' title="bbox 483 511 1824 551; baseline 0.001 -8"><span class='ocrx_word' id='word_1_61' title='bbox 483 512 501 543; x_wconf 88' lang='lat' dir='ltr'>J</span> <span class='ocrx_word' id='word_1_62' title='bbox 505 512 641 542; x_wconf 88' lang='lat' dir='ltr'>ohannis</span> <span class='ocrx_word' id='word_1_63' title='bbox 655 512 694 543; x_wconf 90' lang='lat' dir='ltr'>de</span> <span class='ocrx_word' id='word_1_64' title='bbox 708 512 853 550; x_wconf 83' lang='lat' dir='ltr'>Molyns,</span> <span class='ocrx_word' id='word_1_65' title='bbox 868 515 901 543; x_wconf 91' lang='lat' dir='ltr'>et</span> <span class='ocrx_word' id='word_1_66' title='bbox 915 512 959 542; x_wconf 89' lang='lat' dir='ltr'>sic</span> <span class='ocrx_word' id='word_1_67' title='bbox 973 515 1042 543; x_wconf 86' lang='lat' dir='ltr'>tam</span> <span class='ocrx_word' id='word_1_68' title='bbox 1056 511 1187 543; x_wconf 90' lang='lat' dir='ltr'>feodum</span> <span class='ocrx_word' id='word_1_69' title='bbox 1202 511 1336 550; x_wconf 84' lang='lat' dir='ltr'>simplex</span> <span class='ocrx_word' id='word_1_70' title='bbox 1349 522 1448 551; x_wconf 88' lang='lat' dir='ltr'>quam</span> <span class='ocrx_word' id='word_1_71' title='bbox 1462 512 1626 543; x_wconf 88' lang='lat' dir='ltr'>talliatum</span> <span class='ocrx_word' id='word_1_72' title='bbox 1641 512 1673 543; x_wconf 92' lang='lat' dir='ltr'>in</span> <span class='ocrx_word' id='word_1_73' title='bbox 1688 523 1824 551; x_wconf 88' lang='lat' dir='ltr'>persona</span> 
     </span>
     <span class='ocr_line' id='line_1_8' title="bbox 483 561 1824 601; baseline 0.002 -10"><span class='ocrx_word' id='word_1_74' title='bbox 483 561 620 600; x_wconf 76' lang='lat' dir='ltr'>predicti</span> <span class='ocrx_word' id='word_1_75' title='bbox 633 561 784 593; x_wconf 89' lang='lat' dir='ltr'>Willelmi</span> <span class='ocrx_word' id='word_1_76' title='bbox 798 562 907 593; x_wconf 76' lang='lat' dir='ltr'>existit</span> <span class='ocrx_word' id='word_1_77' title='bbox 921 562 988 593; x_wconf 84' lang='lat' dir='ltr'>sine</span> <span class='ocrx_word' id='word_1_78' title='bbox 1002 572 1067 600; x_wconf 89' lang='lat' dir='ltr'>quo</span> <span class='ocrx_word' id='word_1_79' title='bbox 1081 562 1151 600; x_wconf 85' lang='lat' dir='ltr'>ipsa</span> <span class='ocrx_word' id='word_1_80' title='bbox 1165 561 1280 600; x_wconf 85' lang='lat' dir='ltr'>Egidia</span> <span class='ocrx_word' id='word_1_81' title='bbox 1294 571 1359 593; x_wconf 93' lang='lat' dir='ltr'>non</span> <span class='ocrx_word' id='word_1_82' title='bbox 1373 565 1482 600; x_wconf 87' lang='lat' dir='ltr'>potest</span> <span class='ocrx_word' id='word_1_83' title='bbox 1496 562 1535 593; x_wconf 91' lang='lat' dir='ltr'>de</span> <span class='ocrx_word' id='word_1_84' title='bbox 1548 561 1618 601; x_wconf 87' lang='lat' dir='ltr'>jure</span> <span class='ocrx_word' id='word_1_85' title='bbox 1632 562 1824 600; x_wconf 89' lang='lat' dir='ltr'>respondere</span> 
     </span>
     <span class='ocr_line' id='line_1_9' title="bbox 482 611 1825 650; baseline 0.001 -8"><span class='ocrx_word' id='word_1_86' title='bbox 482 614 516 642; x_wconf 90' lang='lat' dir='ltr'>et</span> <span class='ocrx_word' id='word_1_87' title='bbox 527 611 610 650; x_wconf 89' lang='lat' dir='ltr'>petit</span> <span class='ocrx_word' id='word_1_88' title='bbox 621 611 775 642; x_wconf 88' lang='lat' dir='ltr'>auxilium</span> <span class='ocrx_word' id='word_1_89' title='bbox 786 611 825 643; x_wconf 95' lang='lat' dir='ltr'>de</span> <span class='ocrx_word' id='word_1_90' title='bbox 836 611 981 650; x_wconf 86' lang='lat' dir='ltr'>predicto</span> <span class='ocrx_word' id='word_1_91' title='bbox 992 611 1151 642; x_wconf 88' lang='lat' dir='ltr'>Willehno</span> <span class='ocrx_word' id='word_1_92' title='bbox 1164 612 1186 629; x_wconf 83' lang='lat'>²⁴¹</span> <span class='ocrx_word' id='word_1_93' title='bbox 1197 614 1230 642; x_wconf 90' lang='lat' dir='ltr'>et</span> <span class='ocrx_word' id='word_1_94' title='bbox 1240 611 1327 650; x_wconf 90' lang='lat' dir='ltr'>quod</span> <span class='ocrx_word' id='word_1_95' title='bbox 1339 611 1572 650; x_wconf 77' lang='lat' dir='ltr'>premuniatur.</span> <span class='ocrx_word' id='word_1_96' title='bbox 1605 612 1650 642; x_wconf 90' lang='lat' dir='ltr'>Et</span> <span class='ocrx_word' id='word_1_97' title='bbox 1661 612 1825 643; x_wconf 85' lang='lat' dir='ltr'>Robertus</span> 
     </span>
     <span class='ocr_line' id='line_1_10' title="bbox 483 661 1823 701; baseline 0 -9"><span class='ocrx_word' id='word_1_98' title='bbox 483 661 522 692; x_wconf 91' lang='lat' dir='ltr'>de</span> <span class='ocrx_word' id='word_1_99' title='bbox 534 661 671 692; x_wconf 86' lang='lat' dir='ltr'>Fiennes</span> <span class='ocrx_word' id='word_1_100' title='bbox 682 661 721 692; x_wconf 92' lang='lat' dir='ltr'>de</span> <span class='ocrx_word' id='word_1_101' title='bbox 733 661 869 692; x_wconf 84' lang='lat' dir='ltr'>Francia</span> <span class='ocrx_word' id='word_1_102' title='bbox 880 672 936 700; x_wconf 90' lang='lat' dir='ltr'>per</span> <span class='ocrx_word' id='word_1_103' title='bbox 947 661 1142 692; x_wconf 91' lang='lat' dir='ltr'>Michaelem</span> <span class='ocrx_word' id='word_1_104' title='bbox 1154 661 1311 700; x_wconf 85' lang='lat' dir='ltr'>Skyllyng</span> <span class='ocrx_word' id='word_1_105' title='bbox 1323 664 1527 692; x_wconf 84' lang='lat' dir='ltr'>attornatum</span> <span class='ocrx_word' id='word_1_106' title='bbox 1539 672 1633 692; x_wconf 90' lang='lat' dir='ltr'>suum</span> <span class='ocrx_word' id='word_1_107' title='bbox 1645 661 1725 693; x_wconf 90' lang='lat' dir='ltr'>dicit</span> <span class='ocrx_word' id='word_1_108' title='bbox 1736 661 1823 701; x_wconf 90' lang='lat' dir='ltr'>quod</span> 
     </span>
     <span class='ocr_line' id='line_1_11' title="bbox 483 711 1825 750; baseline 0.001 -9"><span class='ocrx_word' id='word_1_109' title='bbox 483 711 552 741; x_wconf 83' lang='lat' dir='ltr'>Rex</span> <span class='ocrx_word' id='word_1_110' title='bbox 570 711 664 750; x_wconf 82' lang='lat' dir='ltr'>juxta</span> <span class='ocrx_word' id='word_1_111' title='bbox 681 714 860 742; x_wconf 85' lang='lat' dir='ltr'>tractatum</span> <span class='ocrx_word' id='word_1_112' title='bbox 877 711 965 750; x_wconf 83' lang='lat' dir='ltr'>pacis</span> <span class='ocrx_word' id='word_1_113' title='bbox 981 711 1123 750; x_wconf 85' lang='lat' dir='ltr'>predicte</span> <span class='ocrx_word' id='word_1_114' title='bbox 1139 711 1262 749; x_wconf 85' lang='lat' dir='ltr'>absque</span> <span class='ocrx_word' id='word_1_115' title='bbox 1277 711 1340 742; x_wconf 91' lang='lat' dir='ltr'>alio</span> <span class='ocrx_word' id='word_1_116' title='bbox 1356 721 1505 749; x_wconf 85' lang='lat' dir='ltr'>processu</span> <span class='ocrx_word' id='word_1_117' title='bbox 1522 714 1631 750; x_wconf 86' lang='lat' dir='ltr'>potest</span> <span class='ocrx_word' id='word_1_118' title='bbox 1646 715 1679 742; x_wconf 91' lang='lat' dir='ltr'>et</span> <span class='ocrx_word' id='word_1_119' title='bbox 1695 715 1825 743; x_wconf 86' lang='lat' dir='ltr'>tenetur</span> 
     </span>
     <span class='ocr_line' id='line_1_12' title="bbox 482 761 1824 800; baseline 0.001 -9"><span class='ocrx_word' id='word_1_120' title='bbox 482 761 609 799; x_wconf 88' lang='lat' dir='ltr'>prefato</span> <span class='ocrx_word' id='word_1_121' title='bbox 621 761 765 792; x_wconf 88' lang='lat' dir='ltr'>Roberto</span> <span class='ocrx_word' id='word_1_122' title='bbox 778 761 817 792; x_wconf 89' lang='lat' dir='ltr'>de</span> <span class='ocrx_word' id='word_1_123' title='bbox 829 761 966 792; x_wconf 85' lang='lat' dir='ltr'>Fiennes</span> <span class='ocrx_word' id='word_1_124' title='bbox 976 761 1100 792; x_wconf 89' lang='lat' dir='ltr'>dictum</span> <span class='ocrx_word' id='word_1_125' title='bbox 1111 761 1291 792; x_wconf 84' lang='lat' dir='ltr'>manerium</span> <span class='ocrx_word' id='word_1_126' title='bbox 1304 761 1482 792; x_wconf 82' lang='lat' dir='ltr'>restituere.</span> <span class='ocrx_word' id='word_1_127' title='bbox 1516 761 1571 792; x_wconf 87' lang='lat' dir='ltr'>Set</span> <span class='ocrx_word' id='word_1_128' title='bbox 1583 764 1620 792; x_wconf 90' lang='lat' dir='ltr'>ut</span> <span class='ocrx_word' id='word_1_129' title='bbox 1632 761 1703 792; x_wconf 88' lang='lat' dir='ltr'>sciri</span> <span class='ocrx_word' id='word_1_130' title='bbox 1715 764 1824 800; x_wconf 87' lang='lat' dir='ltr'>posset</span> 
     </span>
     <span class='ocr_line' id='line_1_13' title="bbox 482 810 1823 850; baseline 0.001 -9"><span class='ocrx_word' id='word_1_131' title='bbox 482 811 507 841; x_wconf 88' lang='lat' dir='ltr'>si</span> <span class='ocrx_word' id='word_1_132' title='bbox 520 811 647 849; x_wconf 86' lang='lat' dir='ltr'>prefata</span> <span class='ocrx_word' id='word_1_133' title='bbox 658 811 773 849; x_wconf 86' lang='lat' dir='ltr'>Egidia</span> <span class='ocrx_word' id='word_1_134' title='bbox 784 811 915 850; x_wconf 87' lang='lat' dir='ltr'>aliquod</span> <span class='ocrx_word' id='word_1_135' title='bbox 926 811 978 850; x_wconf 89' lang='lat' dir='ltr'>jus</span> <span class='ocrx_word' id='word_1_136' title='bbox 989 811 1155 842; x_wconf 80' lang='lat' dir='ltr'>habuisset</span> <span class='ocrx_word' id='word_1_137' title='bbox 1167 811 1208 842; x_wconf 87' lang='lat' dir='ltr'>ad</span> <span class='ocrx_word' id='word_1_138' title='bbox 1219 810 1455 842; x_wconf 85' lang='lat' dir='ltr'>excludendum</span> <span class='ocrx_word' id='word_1_139' title='bbox 1467 811 1629 849; x_wconf 85' lang='lat' dir='ltr'>prefatum</span> <span class='ocrx_word' id='word_1_140' title='bbox 1643 811 1823 842; x_wconf 87' lang='lat' dir='ltr'>Robertum</span> 
     </span>
     <span class='ocr_line' id='line_1_14' title="bbox 483 860 1826 897; baseline 0.001 -6"><span class='ocrx_word' id='word_1_141' title='bbox 483 860 522 891; x_wconf 94' lang='lat' dir='ltr'>de</span> <span class='ocrx_word' id='word_1_142' title='bbox 537 860 674 891; x_wconf 90' lang='lat' dir='ltr'>Fiennes</span> <span class='ocrx_word' id='word_1_143' title='bbox 694 861 735 892; x_wconf 91' lang='lat' dir='ltr'>ab</span> <span class='ocrx_word' id='word_1_144' title='bbox 756 861 883 892; x_wconf 85' lang='lat' dir='ltr'>actione</span> <span class='ocrx_word' id='word_1_145' title='bbox 896 861 936 892; x_wconf 89' lang='lat' dir='ltr'>de</span> <span class='ocrx_word' id='word_1_146' title='bbox 951 861 1038 891; x_wconf 89' lang='lat' dir='ltr'>dicto</span> <span class='ocrx_word' id='word_1_147' title='bbox 1058 860 1212 897; x_wconf 86' lang='lat' dir='ltr'>manerio,</span> <span class='ocrx_word' id='word_1_148' title='bbox 1234 860 1319 891; x_wconf 89' lang='lat' dir='ltr'>idem</span> <span class='ocrx_word' id='word_1_149' title='bbox 1338 860 1407 891; x_wconf 83' lang='lat' dir='ltr'>Rex</span> <span class='ocrx_word' id='word_1_150' title='bbox 1423 860 1462 891; x_wconf 91' lang='lat' dir='ltr'>de</span> <span class='ocrx_word' id='word_1_151' title='bbox 1478 860 1660 892; x_wconf 86' lang='lat' dir='ltr'>curialitate</span> <span class='ocrx_word' id='word_1_152' title='bbox 1676 871 1734 892; x_wconf 89' lang='lat' dir='ltr'>sua</span> <span class='ocrx_word' id='word_1_153' title='bbox 1750 871 1826 892; x_wconf 90' lang='lat' dir='ltr'>con-</span> 
     </span>
     <span class='ocr_line' id='line_1_15' title="bbox 483 910 1825 949; baseline 0.001 -9"><span class='ocrx_word' id='word_1_154' title='bbox 483 910 577 941; x_wconf 84' lang='lat' dir='ltr'>cessit</span> <span class='ocrx_word' id='word_1_155' title='bbox 599 910 696 941; x_wconf 89' lang='lat' dir='ltr'>breve</span> <span class='ocrx_word' id='word_1_156' title='bbox 717 911 899 949; x_wconf 86' lang='lat' dir='ltr'>predictum</span> <span class='ocrx_word' id='word_1_157' title='bbox 920 921 1032 941; x_wconf 84' lang='lat' dir='ltr'>versus</span> <span class='ocrx_word' id='word_1_158' title='bbox 1053 910 1213 948; x_wconf 85' lang='lat' dir='ltr'>prefatam</span> <span class='ocrx_word' id='word_1_159' title='bbox 1235 910 1385 948; x_wconf 88' lang='lat' dir='ltr'>Egidiam</span> <span class='ocrx_word' id='word_1_160' title='bbox 1406 910 1446 941; x_wconf 90' lang='lat' dir='ltr'>de</span> <span class='ocrx_word' id='word_1_161' title='bbox 1467 910 1616 941; x_wconf 87' lang='lat' dir='ltr'>habendo</span> <span class='ocrx_word' id='word_1_162' title='bbox 1632 910 1761 941; x_wconf 83' lang='lat' dir='ltr'>finalem</span> <span class='ocrx_word' id='word_1_163' title='bbox 1778 921 1825 941; x_wconf 88' lang='lat' dir='ltr'>re-</span> 
     </span>
     <span class='ocr_line' id='line_1_16' title="bbox 483 959 1824 999; baseline 0.001 -9"><span class='ocrx_word' id='word_1_164' title='bbox 483 960 687 998; x_wconf 85' lang='lat' dir='ltr'>sponsionem</span> <span class='ocrx_word' id='word_1_165' title='bbox 701 971 797 998; x_wconf 89' lang='lat' dir='ltr'>super</span> <span class='ocrx_word' id='word_1_166' title='bbox 810 960 1062 991; x_wconf 83' lang='lat' dir='ltr'>declaracioneni</span> <span class='ocrx_word' id='word_1_167' title='bbox 1075 960 1156 999; x_wconf 90' lang='lat' dir='ltr'>juris</span> <span class='ocrx_word' id='word_1_168' title='bbox 1169 960 1217 990; x_wconf 91' lang='lat' dir='ltr'>sui</span> <span class='ocrx_word' id='word_1_169' title='bbox 1231 959 1367 998; x_wconf 85' lang='lat' dir='ltr'>predicti</span> <span class='ocrx_word' id='word_1_170' title='bbox 1380 963 1413 990; x_wconf 91' lang='lat' dir='ltr'>et</span> <span class='ocrx_word' id='word_1_171' title='bbox 1427 970 1491 990; x_wconf 92' lang='lat' dir='ltr'>non</span> <span class='ocrx_word' id='word_1_172' title='bbox 1505 959 1546 990; x_wconf 87' lang='lat' dir='ltr'>ad</span> <span class='ocrx_word' id='word_1_173' title='bbox 1560 959 1658 990; x_wconf 89' lang='lat' dir='ltr'>alium</span> <span class='ocrx_word' id='word_1_174' title='bbox 1672 960 1824 991; x_wconf 77' lang='lat' dir='ltr'>effectum</span> 
     </span>
     <span class='ocr_line' id='line_1_17' title="bbox 482 1009 1824 1048; baseline 0.001 -8"><span class='ocrx_word' id='word_1_175' title='bbox 482 1010 649 1040; x_wconf 85' lang='lat' dir='ltr'>emanauit</span> <span class='ocrx_word' id='word_1_176' title='bbox 664 1010 761 1040; x_wconf 90' lang='lat' dir='ltr'>breve</span> <span class='ocrx_word' id='word_1_177' title='bbox 776 1010 855 1040; x_wconf 91' lang='lat' dir='ltr'>illud</span> <span class='ocrx_word' id='word_1_178' title='bbox 870 1013 903 1040; x_wconf 91' lang='lat' dir='ltr'>et</span> <span class='ocrx_word' id='word_1_179' title='bbox 918 1010 961 1040; x_wconf 91' lang='lat' dir='ltr'>sic</span> <span class='ocrx_word' id='word_1_180' title='bbox 976 1010 1009 1040; x_wconf 95' lang='lat' dir='ltr'>in</span> <span class='ocrx_word' id='word_1_181' title='bbox 1024 1009 1213 1040; x_wconf 87' lang='lat' dir='ltr'>execucione</span> <span class='ocrx_word' id='word_1_182' title='bbox 1228 1009 1321 1040; x_wconf 89' lang='lat' dir='ltr'>istius</span> <span class='ocrx_word' id='word_1_183' title='bbox 1335 1009 1443 1040; x_wconf 87' lang='lat' dir='ltr'>breuis</span> <span class='ocrx_word' id='word_1_184' title='bbox 1457 1009 1587 1040; x_wconf 85' lang='lat' dir='ltr'>fundati</span> <span class='ocrx_word' id='word_1_185' title='bbox 1602 1020 1697 1048; x_wconf 90' lang='lat' dir='ltr'>super</span> <span class='ocrx_word' id='word_1_186' title='bbox 1712 1020 1824 1048; x_wconf 87' lang='lat' dir='ltr'>pacem</span> 
     </span>
     <span class='ocr_line' id='line_1_18' title="bbox 481 1059 1825 1098; baseline 0.001 -9"><span class='ocrx_word' id='word_1_187' title='bbox 481 1059 660 1097; x_wconf 84' lang='lat' dir='ltr'>predictam</span> <span class='ocrx_word' id='word_1_188' title='bbox 679 1070 778 1098; x_wconf 87' lang='lat' dir='ltr'>quam</span> <span class='ocrx_word' id='word_1_189' title='bbox 797 1060 867 1090; x_wconf 81' lang='lat' dir='ltr'>Rex</span> <span class='ocrx_word' id='word_1_190' title='bbox 882 1059 1011 1090; x_wconf 86' lang='lat' dir='ltr'>vinculo</span> <span class='ocrx_word' id='word_1_191' title='bbox 1029 1059 1205 1098; x_wconf 80' lang='lat' dir='ltr'>juramenti</span> <span class='ocrx_word' id='word_1_192' title='bbox 1221 1062 1351 1090; x_wconf 88' lang='lat' dir='ltr'>tenetur</span> <span class='ocrx_word' id='word_1_193' title='bbox 1368 1059 1550 1097; x_wconf 83' lang='lat' dir='ltr'>obseruare,</span> <span class='ocrx_word' id='word_1_194' title='bbox 1569 1062 1603 1090; x_wconf 89' lang='lat' dir='ltr'>et</span> <span class='ocrx_word' id='word_1_195' title='bbox 1621 1059 1705 1090; x_wconf 82' lang='lat' dir='ltr'>infra</span> <span class='ocrx_word' id='word_1_196' title='bbox 1723 1070 1825 1090; x_wconf 91' lang='lat' dir='ltr'>unum</span> 
     </span>
     <span class='ocr_line' id='line_1_19' title="bbox 481 1109 1826 1148; baseline 0 -8"><span class='ocrx_word' id='word_1_197' title='bbox 481 1119 603 1140; x_wconf 88' lang='lat' dir='ltr'>annum</span> <span class='ocrx_word' id='word_1_198' title='bbox 626 1120 645 1141; x_wconf 88' lang='lat' dir='ltr'>a</span> <span class='ocrx_word' id='word_1_199' title='bbox 666 1111 812 1148; x_wconf 86' lang='lat' dir='ltr'>tempore</span> <span class='ocrx_word' id='word_1_200' title='bbox 833 1109 1074 1140; x_wconf 87' lang='lat' dir='ltr'>reformacionis</span> <span class='ocrx_word' id='word_1_201' title='bbox 1096 1109 1241 1148; x_wconf 86' lang='lat' dir='ltr'>ejusdem</span> <span class='ocrx_word' id='word_1_202' title='bbox 1263 1109 1352 1148; x_wconf 86' lang='lat' dir='ltr'>pacis</span> <span class='ocrx_word' id='word_1_203' title='bbox 1373 1109 1542 1147; x_wconf 87' lang='lat' dir='ltr'>complere,</span> <span class='ocrx_word' id='word_1_204' title='bbox 1565 1119 1630 1140; x_wconf 91' lang='lat' dir='ltr'>non</span> <span class='ocrx_word' id='word_1_205' title='bbox 1651 1109 1826 1148; x_wconf 88' lang='lat' dir='ltr'>requiritur</span> 
     </span>
     <span class='ocr_line' id='line_1_20' title="bbox 481 1158 1826 1198; baseline 0 -8"><span class='ocrx_word' id='word_1_206' title='bbox 481 1158 555 1190; x_wconf 84' lang='lat' dir='ltr'>talis</span> <span class='ocrx_word' id='word_1_207' title='bbox 571 1169 738 1197; x_wconf 85' lang='lat' dir='ltr'>processus</span> <span class='ocrx_word' id='word_1_208' title='bbox 753 1159 792 1190; x_wconf 92' lang='lat' dir='ltr'>de</span> <span class='ocrx_word' id='word_1_209' title='bbox 809 1158 926 1190; x_wconf 79' lang='lat' dir='ltr'>auxilio</span> <span class='ocrx_word' id='word_1_210' title='bbox 942 1159 1083 1198; x_wconf 82' lang='lat' dir='ltr'>petendo</span> <span class='ocrx_word' id='word_1_211' title='bbox 1099 1161 1157 1190; x_wconf 86' lang='lat' dir='ltr'>aut</span> <span class='ocrx_word' id='word_1_212' title='bbox 1172 1159 1243 1190; x_wconf 86' lang='lat' dir='ltr'>aliis</span> <span class='ocrx_word' id='word_1_213' title='bbox 1257 1158 1416 1190; x_wconf 87' lang='lat' dir='ltr'>dilatoriis</span> <span class='ocrx_word' id='word_1_214' title='bbox 1436 1159 1519 1190; x_wconf 86' lang='lat' dir='ltr'>sicut</span> <span class='ocrx_word' id='word_1_215' title='bbox 1534 1158 1567 1189; x_wconf 89' lang='lat' dir='ltr'>in</span> <span class='ocrx_word' id='word_1_216' title='bbox 1587 1159 1657 1190; x_wconf 86' lang='lat' dir='ltr'>aliis</span> <span class='ocrx_word' id='word_1_217' title='bbox 1672 1159 1826 1190; x_wconf 89' lang='lat' dir='ltr'>breuibus</span> 
     </span>
     <span class='ocr_line' id='line_1_21' title="bbox 481 1208 1825 1247; baseline 0.001 -8"><span class='ocrx_word' id='word_1_218' title='bbox 481 1209 522 1240; x_wconf 88' lang='lat' dir='ltr'>ad</span> <span class='ocrx_word' id='word_1_219' title='bbox 542 1219 746 1240; x_wconf 88' lang='lat' dir='ltr'>communem</span> <span class='ocrx_word' id='word_1_220' title='bbox 764 1209 904 1247; x_wconf 76' lang='lat' dir='ltr'>legern.²&#39;5</span> <span class='ocrx_word' id='word_1_221' title='bbox 942 1209 987 1240; x_wconf 87' lang='lat' dir='ltr'>Et</span> <span class='ocrx_word' id='word_1_222' title='bbox 1004 1208 1150 1240; x_wconf 86' lang='lat' dir='ltr'>similiter</span> <span class='ocrx_word' id='word_1_223' title='bbox 1167 1208 1333 1247; x_wconf 86' lang='lat' dir='ltr'>quoddam</span> <span class='ocrx_word' id='word_1_224' title='bbox 1352 1208 1439 1240; x_wconf 87' lang='lat' dir='ltr'>aliud</span> <span class='ocrx_word' id='word_1_225' title='bbox 1457 1209 1555 1240; x_wconf 88' lang='lat' dir='ltr'>breue</span> <span class='ocrx_word' id='word_1_226' title='bbox 1572 1208 1612 1240; x_wconf 88' lang='lat' dir='ltr'>de</span> <span class='ocrx_word' id='word_1_227' title='bbox 1630 1209 1708 1240; x_wconf 85' lang='lat' dir='ltr'>scire</span> <span class='ocrx_word' id='word_1_228' title='bbox 1724 1209 1825 1240; x_wconf 85' lang='lat' dir='ltr'>facias</span> 
     </span>
     <span class='ocr_line' id='line_1_22' title="bbox 480 1258 1825 1297; baseline 0.001 -8"><span class='ocrx_word' id='word_1_229' title='bbox 480 1262 687 1297; x_wconf 89' lang='lat' dir='ltr'>prosecutum</span> <span class='ocrx_word' id='word_1_230' title='bbox 700 1262 749 1289; x_wconf 90' lang='lat' dir='ltr'>est</span> <span class='ocrx_word' id='word_1_231' title='bbox 762 1269 874 1289; x_wconf 88' lang='lat' dir='ltr'>versus</span> <span class='ocrx_word' id='word_1_232' title='bbox 886 1258 1049 1297; x_wconf 88' lang='lat' dir='ltr'>prefatum</span> <span class='ocrx_word' id='word_1_233' title='bbox 1062 1258 1258 1289; x_wconf 87' lang='lat' dir='ltr'>Willelmum</span> <span class='ocrx_word' id='word_1_234' title='bbox 1271 1258 1311 1289; x_wconf 92' lang='lat' dir='ltr'>de</span> <span class='ocrx_word' id='word_1_235' title='bbox 1323 1258 1457 1297; x_wconf 83' lang='lat' dir='ltr'>Molyns</span> <span class='ocrx_word' id='word_1_236' title='bbox 1470 1258 1509 1289; x_wconf 91' lang='lat' dir='ltr'>de</span> <span class='ocrx_word' id='word_1_237' title='bbox 1521 1258 1665 1290; x_wconf 89' lang='lat' dir='ltr'>manerio</span> <span class='ocrx_word' id='word_1_238' title='bbox 1678 1258 1825 1297; x_wconf 89' lang='lat' dir='ltr'>predicto</span> 
     </span>
     <span class='ocr_line' id='line_1_23' title="bbox 479 1308 1824 1347; baseline 0 -8"><span class='ocrx_word' id='word_1_239' title='bbox 479 1308 535 1347; x_wconf 90' lang='lat' dir='ltr'>qui</span> <span class='ocrx_word' id='word_1_240' title='bbox 552 1309 739 1347; x_wconf 84' lang='lat' dir='ltr'>placitando</span> <span class='ocrx_word' id='word_1_241' title='bbox 756 1308 909 1347; x_wconf 84' lang='lat' dir='ltr'>allegauit</span> <span class='ocrx_word' id='word_1_242' title='bbox 926 1319 958 1339; x_wconf 89' lang='lat' dir='ltr'>se</span> <span class='ocrx_word' id='word_1_243' title='bbox 975 1319 1039 1339; x_wconf 93' lang='lat' dir='ltr'>non</span> <span class='ocrx_word' id='word_1_244' title='bbox 1056 1319 1124 1340; x_wconf 90' lang='lat' dir='ltr'>esse</span> <span class='ocrx_word' id='word_1_245' title='bbox 1140 1311 1306 1339; x_wconf 87' lang='lat' dir='ltr'>tenentem</span> <span class='ocrx_word' id='word_1_246' title='bbox 1322 1308 1457 1339; x_wconf 89' lang='lat' dir='ltr'>manerii</span> <span class='ocrx_word' id='word_1_247' title='bbox 1474 1308 1611 1346; x_wconf 86' lang='lat' dir='ltr'>predicti</span> <span class='ocrx_word' id='word_1_248' title='bbox 1627 1319 1685 1340; x_wconf 88' lang='lat' dir='ltr'>nec</span> <span class='ocrx_word' id='word_1_249' title='bbox 1702 1308 1824 1347; x_wconf 88' lang='lat' dir='ltr'>aliquid</span> 
     </span>
     <span class='ocr_line' id='line_1_24' title="bbox 478 1357 1825 1397; baseline 0 -8"><span class='ocrx_word' id='word_1_250' title='bbox 478 1357 599 1389; x_wconf 87' lang='lat' dir='ltr'>habere</span> <span class='ocrx_word' id='word_1_251' title='bbox 617 1358 649 1388; x_wconf 93' lang='lat' dir='ltr'>in</span> <span class='ocrx_word' id='word_1_252' title='bbox 668 1358 812 1390; x_wconf 88' lang='lat' dir='ltr'>manerio</span> <span class='ocrx_word' id='word_1_253' title='bbox 831 1358 979 1397; x_wconf 89' lang='lat' dir='ltr'>predicto</span> <span class='ocrx_word' id='word_1_254' title='bbox 998 1358 1059 1388; x_wconf 89' lang='lat' dir='ltr'>nisi</span> <span class='ocrx_word' id='word_1_255' title='bbox 1077 1357 1110 1388; x_wconf 91' lang='lat' dir='ltr'>in</span> <span class='ocrx_word' id='word_1_256' title='bbox 1128 1358 1157 1389; x_wconf 91' lang='lat' dir='ltr'>le</span> <span class='ocrx_word' id='word_1_257' title='bbox 1176 1368 1339 1389; x_wconf 88' lang='lat' dir='ltr'>remanere</span> <span class='ocrx_word' id='word_1_258' title='bbox 1358 1361 1432 1396; x_wconf 91' lang='lat' dir='ltr'>post</span> <span class='ocrx_word' id='word_1_259' title='bbox 1450 1361 1588 1389; x_wconf 91' lang='lat' dir='ltr'>mortem</span> <span class='ocrx_word' id='word_1_260' title='bbox 1607 1358 1693 1389; x_wconf 89' lang='lat' dir='ltr'>dicte</span> <span class='ocrx_word' id='word_1_261' title='bbox 1712 1358 1825 1397; x_wconf 84' lang='lat' dir='ltr'>Egidie</span> 
     </span>
     <span class='ocr_line' id='line_1_25' title="bbox 477 1407 1825 1447; baseline 0 -9"><span class='ocrx_word' id='word_1_262' title='bbox 477 1408 572 1447; x_wconf 83' lang='lat' dir='ltr'>juxta</span> <span class='ocrx_word' id='word_1_263' title='bbox 588 1408 726 1439; x_wconf 84' lang='lat' dir='ltr'>formam</span> <span class='ocrx_word' id='word_1_264' title='bbox 743 1408 818 1439; x_wconf 86' lang='lat' dir='ltr'>finis</span> <span class='ocrx_word' id='word_1_265' title='bbox 834 1408 971 1447; x_wconf 88' lang='lat' dir='ltr'>predicti</span> <span class='ocrx_word' id='word_1_266' title='bbox 987 1418 1044 1438; x_wconf 88' lang='lat' dir='ltr'>nec</span> <span class='ocrx_word' id='word_1_267' title='bbox 1061 1408 1102 1439; x_wconf 90' lang='lat' dir='ltr'>ad</span> <span class='ocrx_word' id='word_1_268' title='bbox 1119 1408 1216 1439; x_wconf 91' lang='lat' dir='ltr'>breue</span> <span class='ocrx_word' id='word_1_269' title='bbox 1233 1407 1311 1438; x_wconf 92' lang='lat' dir='ltr'>illud</span> <span class='ocrx_word' id='word_1_270' title='bbox 1329 1407 1520 1446; x_wconf 89' lang='lat' dir='ltr'>respondere</span> <span class='ocrx_word' id='word_1_271' title='bbox 1537 1408 1648 1438; x_wconf 86' lang='lat' dir='ltr'>teneri.</span> <span class='ocrx_word' id='word_1_272' title='bbox 1688 1408 1732 1439; x_wconf 88' lang='lat' dir='ltr'>Et</span> <span class='ocrx_word' id='word_1_273' title='bbox 1748 1418 1825 1446; x_wconf 91' lang='lat' dir='ltr'>que-</span> 
     </span>
     <span class='ocr_line' id='line_1_26' title="bbox 479 1457 1825 1496; baseline 0.001 -8"><span class='ocrx_word' id='word_1_274' title='bbox 479 1458 578 1488; x_wconf 89' lang='lat' dir='ltr'>situm</span> <span class='ocrx_word' id='word_1_275' title='bbox 598 1461 647 1489; x_wconf 88' lang='lat' dir='ltr'>est</span> <span class='ocrx_word' id='word_1_276' title='bbox 667 1458 707 1489; x_wconf 88' lang='lat' dir='ltr'>ab</span> <span class='ocrx_word' id='word_1_277' title='bbox 727 1458 841 1488; x_wconf 89' lang='lat' dir='ltr'>eodem</span> <span class='ocrx_word' id='word_1_278' title='bbox 860 1458 1020 1489; x_wconf 83' lang='lat' dir='ltr'>Willehno</span> <span class='ocrx_word' id='word_1_279' title='bbox 1041 1458 1066 1488; x_wconf 91' lang='lat' dir='ltr'>si</span> <span class='ocrx_word' id='word_1_280' title='bbox 1093 1468 1126 1488; x_wconf 92' lang='lat' dir='ltr'>se</span> <span class='ocrx_word' id='word_1_281' title='bbox 1145 1468 1202 1496; x_wconf 92' lang='lat' dir='ltr'>pro</span> <span class='ocrx_word' id='word_1_282' title='bbox 1222 1457 1405 1489; x_wconf 86' lang='lat' dir='ltr'>saluacione</span> <span class='ocrx_word' id='word_1_283' title='bbox 1424 1457 1504 1496; x_wconf 85' lang='lat' dir='ltr'>juris</span> <span class='ocrx_word' id='word_1_284' title='bbox 1528 1457 1577 1488; x_wconf 91' lang='lat' dir='ltr'>sui</span> <span class='ocrx_word' id='word_1_285' title='bbox 1600 1457 1633 1488; x_wconf 92' lang='lat' dir='ltr'>in</span> <span class='ocrx_word' id='word_1_286' title='bbox 1652 1457 1712 1489; x_wconf 87' lang='lat' dir='ltr'>hac</span> <span class='ocrx_word' id='word_1_287' title='bbox 1732 1460 1825 1496; x_wconf 88' lang='lat' dir='ltr'>parte</span> 
     </span>
     <span class='ocr_line' id='line_1_27' title="bbox 480 1507 1826 1547; baseline 0.001 -9"><span class='ocrx_word' id='word_1_288' title='bbox 480 1507 605 1546; x_wconf 85' lang='lat' dir='ltr'>prefate</span> <span class='ocrx_word' id='word_1_289' title='bbox 618 1507 731 1546; x_wconf 84' lang='lat' dir='ltr'>Egidie</span> <span class='ocrx_word' id='word_1_290' title='bbox 744 1508 877 1547; x_wconf 85' lang='lat' dir='ltr'>jungere</span> <span class='ocrx_word' id='word_1_291' title='bbox 890 1508 1005 1546; x_wconf 88' lang='lat' dir='ltr'>voluit,</span> <span class='ocrx_word' id='word_1_292' title='bbox 1019 1507 1075 1546; x_wconf 92' lang='lat' dir='ltr'>qui</span> <span class='ocrx_word' id='word_1_293' title='bbox 1088 1507 1148 1538; x_wconf 90' lang='lat' dir='ltr'>hoc</span> <span class='ocrx_word' id='word_1_294' title='bbox 1162 1507 1266 1538; x_wconf 84' lang='lat' dir='ltr'>facere</span> <span class='ocrx_word' id='word_1_295' title='bbox 1279 1507 1411 1538; x_wconf 91' lang='lat' dir='ltr'>omnino</span> <span class='ocrx_word' id='word_1_296' title='bbox 1424 1507 1596 1538; x_wconf 87' lang='lat' dir='ltr'>recusauit.</span> <span class='ocrx_word' id='word_1_297' title='bbox 1632 1507 1676 1538; x_wconf 90' lang='lat' dir='ltr'>Et</span> <span class='ocrx_word' id='word_1_298' title='bbox 1689 1507 1733 1538; x_wconf 87' lang='lat' dir='ltr'>sic</span> <span class='ocrx_word' id='word_1_299' title='bbox 1746 1507 1826 1539; x_wconf 81' lang='lat' dir='ltr'>dicit</span> 
     </span>
     <span class='ocr_line' id='line_1_28' title="bbox 479 1557 1826 1596; baseline -0.001 -8"><span class='ocrx_word' id='word_1_300' title='bbox 479 1557 565 1588; x_wconf 91' lang='lat' dir='ltr'>idem</span> <span class='ocrx_word' id='word_1_301' title='bbox 580 1557 746 1588; x_wconf 86' lang='lat' dir='ltr'>Robertus</span> <span class='ocrx_word' id='word_1_302' title='bbox 760 1558 800 1588; x_wconf 87' lang='lat' dir='ltr'>de</span> <span class='ocrx_word' id='word_1_303' title='bbox 815 1557 952 1588; x_wconf 89' lang='lat' dir='ltr'>Fiennes</span> <span class='ocrx_word' id='word_1_304' title='bbox 965 1557 1053 1596; x_wconf 85' lang='lat' dir='ltr'>quod</span> <span class='ocrx_word' id='word_1_305' title='bbox 1068 1557 1222 1588; x_wconf 82' lang='lat' dir='ltr'>auxilium</span> <span class='ocrx_word' id='word_1_306' title='bbox 1238 1557 1378 1596; x_wconf 89' lang='lat' dir='ltr'>petitum</span> <span class='ocrx_word' id='word_1_307' title='bbox 1393 1567 1458 1588; x_wconf 91' lang='lat' dir='ltr'>non</span> <span class='ocrx_word' id='word_1_308' title='bbox 1472 1560 1522 1588; x_wconf 89' lang='lat' dir='ltr'>est</span> <span class='ocrx_word' id='word_1_309' title='bbox 1536 1557 1568 1587; x_wconf 92' lang='lat' dir='ltr'>in</span> <span class='ocrx_word' id='word_1_310' title='bbox 1583 1557 1645 1588; x_wconf 87' lang='lat' dir='ltr'>isto</span> <span class='ocrx_word' id='word_1_311' title='bbox 1661 1568 1736 1588; x_wconf 90' lang='lat' dir='ltr'>casu</span> <span class='ocrx_word' id='word_1_312' title='bbox 1751 1567 1826 1588; x_wconf 88' lang='lat' dir='ltr'>con-</span> 
     </span>
     <span class='ocr_line' id='line_1_29' title="bbox 481 1607 1826 1646; baseline -0.001 -8"><span class='ocrx_word' id='word_1_313' title='bbox 481 1607 671 1645; x_wconf 84' lang='lat' dir='ltr'>cedendum,</span> <span class='ocrx_word' id='word_1_314' title='bbox 692 1617 748 1646; x_wconf 90' lang='lat' dir='ltr'>per</span> <span class='ocrx_word' id='word_1_315' title='bbox 767 1607 854 1646; x_wconf 89' lang='lat' dir='ltr'>quod</span> <span class='ocrx_word' id='word_1_316' title='bbox 873 1618 911 1638; x_wconf 88' lang='lat' dir='ltr'>ex</span> <span class='ocrx_word' id='word_1_317' title='bbox 931 1607 1035 1638; x_wconf 86' lang='lat' dir='ltr'>causis</span> <span class='ocrx_word' id='word_1_318' title='bbox 1054 1607 1216 1645; x_wconf 87' lang='lat' dir='ltr'>premissis</span> <span class='ocrx_word' id='word_1_319' title='bbox 1235 1610 1267 1638; x_wconf 91' lang='lat' dir='ltr'>et</span> <span class='ocrx_word' id='word_1_320' title='bbox 1287 1607 1357 1638; x_wconf 91' lang='lat' dir='ltr'>aliis</span> <span class='ocrx_word' id='word_1_321' title='bbox 1375 1607 1499 1638; x_wconf 87' lang='lat' dir='ltr'>dictum</span> <span class='ocrx_word' id='word_1_322' title='bbox 1519 1610 1569 1638; x_wconf 90' lang='lat' dir='ltr'>est</span> <span class='ocrx_word' id='word_1_323' title='bbox 1587 1607 1691 1638; x_wconf 91' lang='lat' dir='ltr'>eidem</span> <span class='ocrx_word' id='word_1_324' title='bbox 1711 1607 1826 1645; x_wconf 81' lang='lat' dir='ltr'>Egidie</span> 
     </span>
     <span class='ocr_line' id='line_1_30' title="bbox 480 1656 1825 1696; baseline 0 -8"><span class='ocrx_word' id='word_1_325' title='bbox 480 1657 567 1695; x_wconf 90' lang='lat' dir='ltr'>quod</span> <span class='ocrx_word' id='word_1_326' title='bbox 589 1657 782 1695; x_wconf 86' lang='lat' dir='ltr'>respondeat</span> <span class='ocrx_word' id='word_1_327' title='bbox 802 1657 870 1688; x_wconf 91' lang='lat' dir='ltr'>sine</span> <span class='ocrx_word' id='word_1_328' title='bbox 890 1657 1007 1688; x_wconf 84' lang='lat' dir='ltr'>auxilio</span> <span class='ocrx_word' id='word_1_329' title='bbox 1027 1657 1173 1696; x_wconf 84' lang='lat' dir='ltr'>ejusdem</span> <span class='ocrx_word' id='word_1_330' title='bbox 1193 1657 1344 1688; x_wconf 83' lang='lat' dir='ltr'>Willehni</span> <span class='ocrx_word' id='word_1_331' title='bbox 1363 1657 1403 1688; x_wconf 90' lang='lat' dir='ltr'>de</span> <span class='ocrx_word' id='word_1_332' title='bbox 1423 1656 1557 1695; x_wconf 90' lang='lat' dir='ltr'>Molyns</span> <span class='ocrx_word' id='word_1_333' title='bbox 1577 1657 1603 1687; x_wconf 88' lang='lat' dir='ltr'>si</span> <span class='ocrx_word' id='word_1_334' title='bbox 1623 1657 1683 1687; x_wconf 88' lang='lat' dir='ltr'>sibi</span> <span class='ocrx_word' id='word_1_335' title='bbox 1706 1656 1825 1688; x_wconf 81' lang='lat' dir='ltr'>viderit</span> 
     </span>
     <span class='ocr_line' id='line_1_31' title="bbox 480 1706 1826 1745; baseline 0.001 -8"><span class='ocrx_word' id='word_1_336' title='bbox 480 1707 638 1745; x_wconf 85' lang='lat' dir='ltr'>expedire.</span> <span class='ocrx_word' id='word_1_337' title='bbox 676 1707 719 1737; x_wconf 89' lang='lat' dir='ltr'>Et</span> <span class='ocrx_word' id='word_1_338' title='bbox 735 1707 881 1745; x_wconf 86' lang='lat' dir='ltr'>predicta</span> <span class='ocrx_word' id='word_1_339' title='bbox 895 1707 1011 1745; x_wconf 85' lang='lat' dir='ltr'>Egidia</span> <span class='ocrx_word' id='word_1_340' title='bbox 1026 1707 1239 1745; x_wconf 83' lang='lat' dir='ltr'>protestando</span> <span class='ocrx_word' id='word_1_341' title='bbox 1252 1708 1276 1725; x_wconf 77' lang='lat'>2⁶</span> <span class='ocrx_word' id='word_1_342' title='bbox 1291 1706 1378 1745; x_wconf 92' lang='lat' dir='ltr'>quod</span> <span class='ocrx_word' id='word_1_343' title='bbox 1394 1717 1459 1737; x_wconf 93' lang='lat' dir='ltr'>non</span> <span class='ocrx_word' id='word_1_344' title='bbox 1474 1706 1638 1745; x_wconf 86' lang='lat' dir='ltr'>cognoscit</span> <span class='ocrx_word' id='word_1_345' title='bbox 1652 1706 1739 1745; x_wconf 88' lang='lat' dir='ltr'>quod</span> <span class='ocrx_word' id='word_1_346' title='bbox 1756 1717 1826 1745; x_wconf 89' lang='lat' dir='ltr'>pre-</span> 
     </span>
     <span class='ocr_line' id='line_1_32' title="bbox 481 1756 1825 1795; baseline -0.001 -8"><span class='ocrx_word' id='word_1_347' title='bbox 481 1757 588 1787; x_wconf 82' lang='lat' dir='ltr'>dictus</span> <span class='ocrx_word' id='word_1_348' title='bbox 606 1757 770 1787; x_wconf 87' lang='lat' dir='ltr'>Robertus</span> <span class='ocrx_word' id='word_1_349' title='bbox 788 1757 827 1788; x_wconf 91' lang='lat' dir='ltr'>de</span> <span class='ocrx_word' id='word_1_350' title='bbox 845 1757 981 1788; x_wconf 88' lang='lat' dir='ltr'>Fiennes</span> <span class='ocrx_word' id='word_1_351' title='bbox 999 1757 1039 1788; x_wconf 91' lang='lat' dir='ltr'>de</span> <span class='ocrx_word' id='word_1_352' title='bbox 1057 1756 1193 1788; x_wconf 86' lang='lat' dir='ltr'>Francia</span> <span class='ocrx_word' id='word_1_353' title='bbox 1211 1757 1252 1787; x_wconf 90' lang='lat' dir='ltr'>sit</span> <span class='ocrx_word' id='word_1_354' title='bbox 1271 1756 1527 1795; x_wconf 84' lang='lat' dir='ltr'>consanguineus</span> <span class='ocrx_word' id='word_1_355' title='bbox 1544 1757 1596 1787; x_wconf 84' lang='lat' dir='ltr'>vel</span> <span class='ocrx_word' id='word_1_356' title='bbox 1613 1756 1652 1788; x_wconf 87' lang='lat' dir='ltr'>de</span> <span class='ocrx_word' id='word_1_357' title='bbox 1671 1756 1825 1794; x_wconf 87' lang='lat' dir='ltr'>sanguine</span> 
     </span>
     <span class='ocr_line' id='line_1_33' title="bbox 481 1805 1825 1845; baseline -0.001 -8"><span class='ocrx_word' id='word_1_358' title='bbox 481 1806 617 1837; x_wconf 84' lang='lat' dir='ltr'>Roberti</span> <span class='ocrx_word' id='word_1_359' title='bbox 636 1806 692 1836; x_wconf 90' lang='lat' dir='ltr'>filii</span> <span class='ocrx_word' id='word_1_360' title='bbox 710 1806 862 1837; x_wconf 83' lang='lat' dir='ltr'>Willehni</span> <span class='ocrx_word' id='word_1_361' title='bbox 881 1806 920 1837; x_wconf 92' lang='lat' dir='ltr'>de</span> <span class='ocrx_word' id='word_1_362' title='bbox 939 1806 1077 1837; x_wconf 90' lang='lat' dir='ltr'>Fiennes</span> <span class='ocrx_word' id='word_1_363' title='bbox 1095 1817 1152 1837; x_wconf 87' lang='lat' dir='ltr'>nec</span> <span class='ocrx_word' id='word_1_364' title='bbox 1172 1806 1259 1845; x_wconf 91' lang='lat' dir='ltr'>quod</span> <span class='ocrx_word' id='word_1_365' title='bbox 1279 1806 1461 1844; x_wconf 86' lang='lat' dir='ltr'>predictum</span> <span class='ocrx_word' id='word_1_366' title='bbox 1479 1806 1660 1837; x_wconf 85' lang='lat' dir='ltr'>manerium</span> <span class='ocrx_word' id='word_1_367' title='bbox 1679 1805 1825 1837; x_wconf 85' lang='lat' dir='ltr'>seisitum</span> 
     </span>
     <span class='ocr_line' id='line_1_34' title="bbox 482 1855 1826 1894; baseline 0 -8"><span class='ocrx_word' id='word_1_368' title='bbox 482 1856 544 1886; x_wconf 86' lang='lat' dir='ltr'>fuit</span> <span class='ocrx_word' id='word_1_369' title='bbox 556 1856 589 1886; x_wconf 92' lang='lat' dir='ltr'>in</span> <span class='ocrx_word' id='word_1_370' title='bbox 601 1866 734 1886; x_wconf 84' lang='lat' dir='ltr'>manum</span> <span class='ocrx_word' id='word_1_371' title='bbox 747 1856 870 1887; x_wconf 88' lang='lat' dir='ltr'>domini</span> <span class='ocrx_word' id='word_1_372' title='bbox 883 1856 979 1894; x_wconf 82' lang='lat' dir='ltr'>Regis</span> <span class='ocrx_word' id='word_1_373' title='bbox 991 1856 1158 1887; x_wconf 82' lang='lat' dir='ltr'>occasione</span> <span class='ocrx_word' id='word_1_374' title='bbox 1170 1866 1281 1894; x_wconf 86' lang='lat' dir='ltr'>guerre</span> <span class='ocrx_word' id='word_1_375' title='bbox 1293 1856 1372 1886; x_wconf 87' lang='lat' dir='ltr'>dicit</span> <span class='ocrx_word' id='word_1_376' title='bbox 1384 1855 1471 1894; x_wconf 90' lang='lat' dir='ltr'>quod</span> <span class='ocrx_word' id='word_1_377' title='bbox 1485 1855 1649 1894; x_wconf 83' lang='lat' dir='ltr'>predictus</span> <span class='ocrx_word' id='word_1_378' title='bbox 1661 1855 1826 1886; x_wconf 87' lang='lat' dir='ltr'>Robertus</span> 
     </span>
     <span class='ocr_line' id='line_1_35' title="bbox 482 1905 1826 1944; baseline 0 -8"><span class='ocrx_word' id='word_1_379' title='bbox 482 1905 522 1936; x_wconf 91' lang='lat' dir='ltr'>de</span> <span class='ocrx_word' id='word_1_380' title='bbox 536 1905 671 1937; x_wconf 87' lang='lat' dir='ltr'>Fiennes</span> <span class='ocrx_word' id='word_1_381' title='bbox 684 1905 739 1944; x_wconf 87' lang='lat' dir='ltr'>qui</span> <span class='ocrx_word' id='word_1_382' title='bbox 752 1916 837 1936; x_wconf 91' lang='lat' dir='ltr'>nunc</span> <span class='ocrx_word' id='word_1_383' title='bbox 851 1906 997 1944; x_wconf 83' lang='lat' dir='ltr'>sequitur</span> <span class='ocrx_word' id='word_1_384' title='bbox 1009 1909 1106 1936; x_wconf 85' lang='lat' dir='ltr'>natus</span> <span class='ocrx_word' id='word_1_385' title='bbox 1119 1905 1181 1936; x_wconf 83' lang='lat' dir='ltr'>fuit</span> <span class='ocrx_word' id='word_1_386' title='bbox 1194 1909 1339 1944; x_wconf 85' lang='lat' dir='ltr'>tempore</span> <span class='ocrx_word' id='word_1_387' title='bbox 1352 1905 1505 1936; x_wconf 87' lang='lat' dir='ltr'>Edwardi</span> <span class='ocrx_word' id='word_1_388' title='bbox 1517 1905 1620 1944; x_wconf 88' lang='lat' dir='ltr'>patris</span> <span class='ocrx_word' id='word_1_389' title='bbox 1632 1905 1728 1943; x_wconf 83' lang='lat' dir='ltr'>Regis</span> <span class='ocrx_word' id='word_1_390' title='bbox 1740 1915 1826 1936; x_wconf 89' lang='lat' dir='ltr'>nunc</span> 
     </span>
     <span class='ocr_line' id='line_1_36' title="bbox 482 1955 1827 1994; baseline 0 -9"><span class='ocrx_word' id='word_1_391' title='bbox 482 1959 573 1986; x_wconf 85' lang='lat' dir='ltr'>extra</span> <span class='ocrx_word' id='word_1_392' title='bbox 586 1955 768 1993; x_wconf 82' lang='lat' dir='ltr'>ligianciam</span> <span class='ocrx_word' id='word_1_393' title='bbox 781 1955 895 1993; x_wconf 85' lang='lat' dir='ltr'>Anglie</span> <span class='ocrx_word' id='word_1_394' title='bbox 908 1959 941 1986; x_wconf 83' lang='lat' dir='ltr'>et</span> <span class='ocrx_word' id='word_1_395' title='bbox 954 1966 1018 1986; x_wconf 95' lang='lat' dir='ltr'>non</span> <span class='ocrx_word' id='word_1_396' title='bbox 1032 1955 1115 1986; x_wconf 86' lang='lat' dir='ltr'>infra</span> <span class='ocrx_word' id='word_1_397' title='bbox 1128 1959 1161 1986; x_wconf 87' lang='lat' dir='ltr'>et</span> <span class='ocrx_word' id='word_1_398' title='bbox 1174 1955 1233 1986; x_wconf 90' lang='lat' dir='ltr'>hoc</span> <span class='ocrx_word' id='word_1_399' title='bbox 1247 1955 1411 1993; x_wconf 83' lang='lat' dir='ltr'>pretendit</span> <span class='ocrx_word' id='word_1_400' title='bbox 1423 1955 1588 1986; x_wconf 90' lang='lat' dir='ltr'>verificare</span> <span class='ocrx_word' id='word_1_401' title='bbox 1600 1958 1634 1986; x_wconf 90' lang='lat' dir='ltr'>et</span> <span class='ocrx_word' id='word_1_402' title='bbox 1647 1955 1730 1993; x_wconf 88' lang='lat' dir='ltr'>petit</span> <span class='ocrx_word' id='word_1_403' title='bbox 1742 1955 1827 1994; x_wconf 88' lang='lat' dir='ltr'>judi-</span> 
     </span>
     <span class='ocr_line' id='line_1_37' title="bbox 484 2005 1827 2044; baseline 0 -9"><span class='ocrx_word' id='word_1_404' title='bbox 484 2005 568 2036; x_wconf 87' lang='lat' dir='ltr'>cium</span> <span class='ocrx_word' id='word_1_405' title='bbox 580 2005 605 2035; x_wconf 94' lang='lat' dir='ltr'>si</span> <span class='ocrx_word' id='word_1_406' title='bbox 616 2005 701 2036; x_wconf 88' lang='lat' dir='ltr'>idem</span> <span class='ocrx_word' id='word_1_407' title='bbox 713 2005 876 2036; x_wconf 86' lang='lat' dir='ltr'>Robertus</span> <span class='ocrx_word' id='word_1_408' title='bbox 887 2005 927 2036; x_wconf 91' lang='lat' dir='ltr'>de</span> <span class='ocrx_word' id='word_1_409' title='bbox 937 2006 963 2035; x_wconf 91' lang='lat' dir='ltr'>F</span> <span class='ocrx_word' id='word_1_410' title='bbox 965 2005 1074 2036; x_wconf 89' lang='lat' dir='ltr'>iennes</span> <span class='ocrx_word' id='word_1_411' title='bbox 1085 2005 1124 2036; x_wconf 88' lang='lat' dir='ltr'>de</span> <span class='ocrx_word' id='word_1_412' title='bbox 1135 2005 1271 2036; x_wconf 88' lang='lat' dir='ltr'>Francia</span> <span class='ocrx_word' id='word_1_413' title='bbox 1281 2008 1318 2036; x_wconf 92' lang='lat' dir='ltr'>ut</span> <span class='ocrx_word' id='word_1_414' title='bbox 1329 2005 1420 2036; x_wconf 86' lang='lat' dir='ltr'>heres</span> <span class='ocrx_word' id='word_1_415' title='bbox 1430 2005 1567 2044; x_wconf 81' lang='lat' dir='ltr'>alicujus</span> <span class='ocrx_word' id='word_1_416' title='bbox 1577 2005 1827 2036; x_wconf 82' lang='lat' dir='ltr'>execucionem²⁷</span> 
     </span>
     <span class='ocr_line' id='line_1_38' title="bbox 482 2054 1827 2093; baseline 0 -8"><span class='ocrx_word' id='word_1_417' title='bbox 482 2055 600 2086; x_wconf 88' lang='lat' dir='ltr'>habere</span> <span class='ocrx_word' id='word_1_418' title='bbox 613 2055 740 2092; x_wconf 84' lang='lat' dir='ltr'>debeat,</span> <span class='ocrx_word' id='word_1_419' title='bbox 758 2055 897 2086; x_wconf 82' lang='lat' dir='ltr'>maxime</span> <span class='ocrx_word' id='word_1_420' title='bbox 914 2065 986 2086; x_wconf 90' lang='lat' dir='ltr'>cum</span> <span class='ocrx_word' id='word_1_421' title='bbox 1003 2055 1063 2086; x_wconf 94' lang='lat' dir='ltr'>hoc</span> <span class='ocrx_word' id='word_1_422' title='bbox 1076 2058 1189 2086; x_wconf 86' lang='lat' dir='ltr'>contra</span> <span class='ocrx_word' id='word_1_423' title='bbox 1204 2055 1306 2093; x_wconf 80' lang='lat' dir='ltr'>legem</span> <span class='ocrx_word' id='word_1_424' title='bbox 1322 2055 1436 2093; x_wconf 86' lang='lat' dir='ltr'>Anglie</span> <span class='ocrx_word' id='word_1_425' title='bbox 1451 2055 1609 2086; x_wconf 88' lang='lat' dir='ltr'>hactenus</span> <span class='ocrx_word' id='word_1_426' title='bbox 1625 2054 1781 2085; x_wconf 87' lang='lat' dir='ltr'>usitatam</span> <span class='ocrx_word' id='word_1_427' title='bbox 1793 2057 1827 2085; x_wconf 85' lang='lat' dir='ltr'>et</span> 
     </span>
    </p>
   </div>
   <div class='ocr_carea' id='block_1_3' title="bbox 483 2141 1828 2436">
    <p class='ocr_par' dir='ltr' id='par_1_3' title="bbox 483 2141 1828 2436">
     <span class='ocr_line' id='line_1_39' title="bbox 517 2141 1827 2174; baseline 0.001 -7"><span class='ocrx_word' id='word_1_428' title='bbox 517 2144 536 2158; x_wconf 79' lang='lat'>²⁴</span> <span class='ocrx_word' id='word_1_429' title='bbox 555 2142 622 2167; x_wconf 87' lang='lat' dir='ltr'>This</span> <span class='ocrx_word' id='word_1_430' title='bbox 636 2142 657 2168; x_wconf 85' lang='lat' dir='ltr'>is</span> <span class='ocrx_word' id='word_1_431' title='bbox 672 2142 719 2168; x_wconf 86' lang='lat' dir='ltr'>the</span> <span class='ocrx_word' id='word_1_432' title='bbox 734 2143 749 2154; x_wconf 82' lang='lat'><em>“</em></span> <span class='ocrx_word' id='word_1_433' title='bbox 762 2142 947 2174; x_wconf 72' lang='lat' dir='ltr'>aid-prayer.&#39;’</span> <span class='ocrx_word' id='word_1_434' title='bbox 968 2142 983 2154; x_wconf 77' lang='lat'>‘¹</span> <span class='ocrx_word' id='word_1_435' title='bbox 997 2142 1029 2168; x_wconf 94' lang='lat' dir='ltr'>In</span> <span class='ocrx_word' id='word_1_436' title='bbox 1041 2142 1130 2174; x_wconf 82' lang='lat' dir='ltr'>litiga·</span> <span class='ocrx_word' id='word_1_437' title='bbox 1182 2145 1211 2168; x_wconf 83' lang='lat' dir='ltr'>to</span> <span class='ocrx_word' id='word_1_438' title='bbox 1224 2143 1229 2154; x_wconf 86' lang='lat'><em>‘</em></span> <span class='ocrx_word' id='word_1_439' title='bbox 1242 2151 1311 2174; x_wconf 82' lang='lat' dir='ltr'>pray</span> <span class='ocrx_word' id='word_1_440' title='bbox 1324 2142 1369 2168; x_wconf 83' lang='lat' dir='ltr'>aid</span> <span class='ocrx_word' id='word_1_441' title='bbox 1381 2142 1387 2153; x_wconf 89' lang='lat'><strong><em>⁷</em></strong></span> <span class='ocrx_word' id='word_1_442' title='bbox 1402 2142 1431 2168; x_wconf 80' lang='lat' dir='ltr'>of</span> <span class='ocrx_word' id='word_1_443' title='bbox 1445 2142 1476 2173; x_wconf 88' lang='lat' dir='ltr'>B,</span> <span class='ocrx_word' id='word_1_444' title='bbox 1491 2145 1521 2168; x_wconf 90' lang='lat' dir='ltr'>to</span> <span class='ocrx_word' id='word_1_445' title='bbox 1532 2145 1577 2174; x_wconf 81' lang='lat' dir='ltr'>get</span> <span class='ocrx_word' id='word_1_446' title='bbox 1591 2142 1614 2168; x_wconf 91' lang='lat' dir='ltr'><strong>B</strong></span> <span class='ocrx_word' id='word_1_447' title='bbox 1626 2141 1706 2168; x_wconf 86' lang='lat' dir='ltr'>made</span> <span class='ocrx_word' id='word_1_448' title='bbox 1717 2150 1733 2168; x_wconf 85' lang='lat' dir='ltr'>a</span> <span class='ocrx_word' id='word_1_449' title='bbox 1744 2144 1827 2174; x_wconf 80' lang='lat' dir='ltr'>party</span> 
     </span>
     <span class='ocr_line' id='line_1_40' title="bbox 483 2179 1827 2212; baseline -0.001 -7"><span class='ocrx_word' id='word_1_450' title='bbox 483 2179 541 2205; x_wconf 84' lang='lat' dir='ltr'>tion</span> <span class='ocrx_word' id='word_1_451' title='bbox 556 2179 603 2205; x_wconf 91' lang='lat' dir='ltr'>the</span> <span class='ocrx_word' id='word_1_452' title='bbox 616 2183 714 2205; x_wconf 85' lang='lat' dir='ltr'>tenant</span> <span class='ocrx_word' id='word_1_453' title='bbox 725 2179 767 2206; x_wconf 81' lang='lat' dir='ltr'>for</span> <span class='ocrx_word' id='word_1_454' title='bbox 778 2179 824 2205; x_wconf 81' lang='lat' dir='ltr'>life</span> <span class='ocrx_word' id='word_1_455' title='bbox 835 2183 989 2212; x_wconf 85' lang='lat' dir='ltr'>represents</span> <span class='ocrx_word' id='word_1_456' title='bbox 999 2179 1046 2205; x_wconf 85' lang='lat' dir='ltr'>the</span> <span class='ocrx_word' id='word_1_457' title='bbox 1055 2179 1129 2205; x_wconf 87' lang='lat' dir='ltr'>land.</span> <span class='ocrx_word' id='word_1_458' title='bbox 1182 2183 1211 2206; x_wconf 76' lang='lat' dir='ltr'>to</span> <span class='ocrx_word' id='word_1_459' title='bbox 1223 2179 1270 2205; x_wconf 84' lang='lat' dir='ltr'>the</span> <span class='ocrx_word' id='word_1_460' title='bbox 1281 2179 1443 2212; x_wconf 79' lang='lat' dir='ltr'>aeti0n‚and</span> <span class='ocrx_word' id='word_1_461' title='bbox 1456 2180 1479 2205; x_wconf 90' lang='lat' dir='ltr'>B</span> <span class='ocrx_word' id='word_1_462' title='bbox 1490 2179 1518 2205; x_wconf 86' lang='lat' dir='ltr'>in</span> <span class='ocrx_word' id='word_1_463' title='bbox 1529 2179 1571 2205; x_wconf 84' lang='lat' dir='ltr'>his</span> <span class='ocrx_word' id='word_1_464' title='bbox 1580 2188 1641 2205; x_wconf 89' lang='lat' dir='ltr'>own</span> <span class='ocrx_word' id='word_1_465' title='bbox 1651 2179 1764 2205; x_wconf 79' lang='lat' dir='ltr'>interest</span> <span class='ocrx_word' id='word_1_466' title='bbox 1774 2179 1827 2204; x_wconf 91' lang='lat' dir='ltr'>will</span> 
     </span>
     <span class='ocr_line' id='line_1_41' title="bbox 483 2216 1826 2249; baseline 0 -7"><span class='ocrx_word' id='word_1_467' title='bbox 483 2217 615 2249; x_wconf 78' lang='lat' dir='ltr'>Suppose,</span> <span class='ocrx_word' id='word_1_468' title='bbox 626 2217 668 2243; x_wconf 87' lang='lat' dir='ltr'>for</span> <span class='ocrx_word' id='word_1_469' title='bbox 681 2217 813 2249; x_wconf 65' lang='lat' dir='ltr'>example,</span> <span class='ocrx_word' id='word_1_470' title='bbox 821 2217 884 2243; x_wconf 87' lang='lat' dir='ltr'>that</span> <span class='ocrx_word' id='word_1_471' title='bbox 893 2218 917 2243; x_wconf 87' lang='lat' dir='ltr'>A</span> <span class='ocrx_word' id='word_1_472' title='bbox 927 2217 949 2243; x_wconf 90' lang='lat' dir='ltr'>is</span> <span class='ocrx_word' id='word_1_473' title='bbox 959 2217 1072 2249; x_wconf 80' lang='lat' dir='ltr'>holding</span> <span class='ocrx_word' id='word_1_474' title='bbox 1084 2217 1131 2243; x_wconf 88' lang='lat' dir='ltr'>the</span> <span class='ocrx_word' id='word_1_475' title='bbox 1183 2217 1327 2249; x_wconf 84' lang='lat' dir='ltr'>takeupon</span> <span class='ocrx_word' id='word_1_476' title='bbox 1333 2217 1442 2242; x_wconf 83' lang='lat' dir='ltr'>himself</span> <span class='ocrx_word' id='word_1_477' title='bbox 1451 2217 1498 2243; x_wconf 80' lang='lat' dir='ltr'>the</span> <span class='ocrx_word' id='word_1_478' title='bbox 1505 2217 1615 2243; x_wconf 79' lang='lat' dir='ltr'>defense</span> <span class='ocrx_word' id='word_1_479' title='bbox 1624 2216 1652 2242; x_wconf 85' lang='lat' dir='ltr'>of</span> <span class='ocrx_word' id='word_1_480' title='bbox 1661 2216 1702 2242; x_wconf 86' lang='lat' dir='ltr'>his</span> <span class='ocrx_word' id='word_1_481' title='bbox 1711 2216 1826 2248; x_wconf 81' lang='lat' dir='ltr'>rights.&#39;&#39;</span> 
     </span>
     <span class='ocr_line' id='line_1_42' title="bbox 483 2254 1828 2287; baseline -0.001 -7"><span class='ocrx_word' id='word_1_482' title='bbox 483 2254 548 2280; x_wconf 84' lang='lat' dir='ltr'>land</span> <span class='ocrx_word' id='word_1_483' title='bbox 562 2263 592 2280; x_wconf 80' lang='lat' dir='ltr'>as</span> <span class='ocrx_word' id='word_1_484' title='bbox 606 2257 703 2280; x_wconf 84' lang='lat' dir='ltr'>tenant</span> <span class='ocrx_word' id='word_1_485' title='bbox 717 2254 758 2280; x_wconf 83' lang='lat' dir='ltr'>for</span> <span class='ocrx_word' id='word_1_486' title='bbox 771 2255 818 2280; x_wconf 82' lang='lat' dir='ltr'>life</span> <span class='ocrx_word' id='word_1_487' title='bbox 830 2254 868 2287; x_wconf 88' lang='lat' dir='ltr'>by</span> <span class='ocrx_word' id='word_1_488' title='bbox 881 2263 957 2280; x_wconf 88' lang='lat' dir='ltr'>some</span> <span class='ocrx_word' id='word_1_489' title='bbox 970 2254 1031 2280; x_wconf 85' lang='lat' dir='ltr'>title</span> <span class='ocrx_word' id='word_1_490' title='bbox 1043 2255 1131 2280; x_wconf 86' lang='lat' dir='ltr'>under</span> <span class='ocrx_word' id='word_1_491' title='bbox 1182 2255 1212 2280; x_wconf 92' lang='lat' dir='ltr'>P.</span> <span class='ocrx_word' id='word_1_492' title='bbox 1222 2255 1277 2282; x_wconf 85' lang='lat' dir='ltr'>and</span> <span class='ocrx_word' id='word_1_493' title='bbox 1290 2255 1331 2281; x_wconf 85' lang='lat' dir='ltr'>M.</span> <span class='ocrx_word' id='word_1_494' title='bbox 1346 2255 1418 2280; x_wconf 71' lang='lat' dir='ltr'>Hz‘st.</span> <span class='ocrx_word' id='word_1_495' title='bbox 1429 2255 1499 2286; x_wconf 74' lang='lat' dir='ltr'><em>Enq.</em></span> <span class='ocrx_word' id='word_1_496' title='bbox 1512 2254 1584 2286; x_wconf 83' lang='lat' dir='ltr'>Law,</span> <span class='ocrx_word' id='word_1_497' title='bbox 1597 2254 1623 2286; x_wconf 85' lang='lat' dir='ltr'>ii,</span> <span class='ocrx_word' id='word_1_498' title='bbox 1640 2255 1680 2280; x_wconf 90' lang='lat'>10.</span> <span class='ocrx_word' id='word_1_499' title='bbox 1718 2254 1762 2280; x_wconf 83' lang='lat' dir='ltr'>Cf.</span> <span class='ocrx_word' id='word_1_500' title='bbox 1774 2254 1828 2279; x_wconf 86' lang='lat' dir='ltr'>The</span> 
     </span>
     <span class='ocr_line' id='line_1_43' title="bbox 483 2291 1827 2324; baseline 0 -7"><span class='ocrx_word' id='word_1_501' title='bbox 483 2291 571 2317; x_wconf 82' lang='lat' dir='ltr'>which</span> <span class='ocrx_word' id='word_1_502' title='bbox 584 2301 621 2317; x_wconf 87' lang='lat' dir='ltr'>on</span> <span class='ocrx_word' id='word_1_503' title='bbox 635 2292 676 2317; x_wconf 90' lang='lat' dir='ltr'>his</span> <span class='ocrx_word' id='word_1_504' title='bbox 690 2292 775 2318; x_wconf 81' lang='lat' dir='ltr'>death</span> <span class='ocrx_word' id='word_1_505' title='bbox 788 2292 836 2317; x_wconf 88' lang='lat' dir='ltr'>the</span> <span class='ocrx_word' id='word_1_506' title='bbox 849 2292 914 2318; x_wconf 85' lang='lat' dir='ltr'>land</span> <span class='ocrx_word' id='word_1_507' title='bbox 928 2292 981 2318; x_wconf 90' lang='lat' dir='ltr'>will</span> <span class='ocrx_word' id='word_1_508' title='bbox 996 2295 1087 2318; x_wconf 74' lang='lat' dir='ltr'>reve-rt</span> <span class='ocrx_word' id='word_1_509' title='bbox 1100 2300 1131 2317; x_wconf 91' lang='lat' dir='ltr'>or</span> <span class='ocrx_word' id='word_1_510' title='bbox 1181 2292 1251 2324; x_wconf 77' lang='lat' dir='ltr'>Eyre</span> <span class='ocrx_word' id='word_1_511' title='bbox 1264 2293 1293 2324; x_wconf 89' lang='lat' dir='ltr'>os</span> <span class='ocrx_word' id='word_1_512' title='bbox 1304 2292 1383 2324; x_wconf 78' lang='lat' dir='ltr'>Kent,</span> <span class='ocrx_word' id='word_1_513' title='bbox 1399 2291 1415 2324; x_wconf 88' lang='lat' dir='ltr'>i,</span> <span class='ocrx_word' id='word_1_514' title='bbox 1430 2293 1464 2318; x_wconf 89' lang='lat'>92</span> <span class='ocrx_word' id='word_1_515' title='bbox 1480 2291 1563 2323; x_wconf 82' lang='lat' dir='ltr'>(Seld.</span> <span class='ocrx_word' id='word_1_516' title='bbox 1575 2292 1636 2317; x_wconf 85' lang='lat' dir='ltr'>Soc.</span> <span class='ocrx_word' id='word_1_517' title='bbox 1649 2292 1739 2322; x_wconf 85' lang='lat'>1910).</span> <span class='ocrx_word' id='word_1_518' title='bbox 1777 2291 1827 2317; x_wconf 82' lang='lat' dir='ltr'>“Si</span> 
     </span>
     <span class='ocr_line' id='line_1_44' title="bbox 483 2328 1827 2362; baseline 0 -7"><span class='ocrx_word' id='word_1_519' title='bbox 483 2329 588 2354; x_wconf 79' lang='lat' dir='ltr'>remain</span> <span class='ocrx_word' id='word_1_520' title='bbox 606 2332 635 2355; x_wconf 83' lang='lat' dir='ltr'>to</span> <span class='ocrx_word' id='word_1_521' title='bbox 652 2330 675 2354; x_wconf 88' lang='lat' dir='ltr'><strong>B</strong></span> <span class='ocrx_word' id='word_1_522' title='bbox 692 2329 720 2354; x_wconf 90' lang='lat' dir='ltr'>in</span> <span class='ocrx_word' id='word_1_523' title='bbox 736 2329 787 2355; x_wconf 86' lang='lat' dir='ltr'>fee.</span> <span class='ocrx_word' id='word_1_524' title='bbox 814 2330 884 2355; x_wconf 87' lang='lat' dir='ltr'>Now</span> <span class='ocrx_word' id='word_1_525' title='bbox 897 2329 918 2355; x_wconf 83' lang='lat' dir='ltr'>if</span> <span class='ocrx_word' id='word_1_526' title='bbox 934 2330 962 2355; x_wconf 87' lang='lat' dir='ltr'>X</span> <span class='ocrx_word' id='word_1_527' title='bbox 975 2333 1030 2355; x_wconf 88' lang='lat' dir='ltr'>sets</span> <span class='ocrx_word' id='word_1_528' title='bbox 1043 2338 1081 2362; x_wconf 94' lang='lat' dir='ltr'>up</span> <span class='ocrx_word' id='word_1_529' title='bbox 1095 2338 1130 2355; x_wconf 81' lang='lat' dir='ltr'>an</span> <span class='ocrx_word' id='word_1_530' title='bbox 1182 2329 1267 2355; x_wconf 89' lang='lat' dir='ltr'>vidua</span> <span class='ocrx_word' id='word_1_531' title='bbox 1276 2329 1374 2355; x_wconf 87' lang='lat' dir='ltr'>dotata</span> <span class='ocrx_word' id='word_1_532' title='bbox 1383 2329 1416 2355; x_wconf 91' lang='lat' dir='ltr'>de</span> <span class='ocrx_word' id='word_1_533' title='bbox 1425 2329 1553 2355; x_wconf 83' lang='lat' dir='ltr'>libertate</span> <span class='ocrx_word' id='word_1_534' title='bbox 1561 2332 1593 2355; x_wconf 86' lang='lat' dir='ltr'>ut</span> <span class='ocrx_word' id='word_1_535' title='bbox 1603 2328 1827 2355; x_wconf 80' lang='lat' dir='ltr'>deWarennavel</span> 
     </span>
     <span class='ocr_line' id='line_1_45' title="bbox 484 2365 1828 2399; baseline 0 -8"><span class='ocrx_word' id='word_1_536' title='bbox 484 2366 598 2392; x_wconf 84' lang='lat' dir='ltr'>adverse</span> <span class='ocrx_word' id='word_1_537' title='bbox 612 2366 681 2398; x_wconf 76' lang='lat' dir='ltr'>title,</span> <span class='ocrx_word' id='word_1_538' title='bbox 696 2366 718 2392; x_wconf 88' lang='lat' dir='ltr'>it</span> <span class='ocrx_word' id='word_1_539' title='bbox 732 2367 753 2392; x_wconf 84' lang='lat' dir='ltr'>is</span> <span class='ocrx_word' id='word_1_540' title='bbox 763 2367 795 2398; x_wconf 73' lang='lat' dir='ltr'>A,</span> <span class='ocrx_word' id='word_1_541' title='bbox 806 2370 856 2392; x_wconf 89' lang='lat' dir='ltr'>not</span> <span class='ocrx_word' id='word_1_542' title='bbox 868 2367 899 2399; x_wconf 90' lang='lat' dir='ltr'>B,</span> <span class='ocrx_word' id='word_1_543' title='bbox 910 2366 1000 2392; x_wconf 91' lang='lat' dir='ltr'>whom</span> <span class='ocrx_word' id='word_1_544' title='bbox 1012 2367 1045 2392; x_wconf 88' lang='lat' dir='ltr'>he</span> <span class='ocrx_word' id='word_1_545' title='bbox 1056 2370 1131 2392; x_wconf 90' lang='lat' dir='ltr'>must</span> <span class='ocrx_word' id='word_1_546' title='bbox 1182 2366 1341 2399; x_wconf 81' lang='lat' dir='ltr'>hujusmodi</span> <span class='ocrx_word' id='word_1_547' title='bbox 1350 2366 1372 2392; x_wconf 90' lang='lat' dir='ltr'>si</span> <span class='ocrx_word' id='word_1_548' title='bbox 1381 2366 1445 2392; x_wconf 87' lang='lat' dir='ltr'>inde</span> <span class='ocrx_word' id='word_1_549' title='bbox 1456 2365 1665 2399; x_wconf 67' lang='lat' dir='ltr'>calummietur,</span> <span class='ocrx_word' id='word_1_550' title='bbox 1675 2369 1752 2398; x_wconf 85' lang='lat' dir='ltr'>petet</span> <span class='ocrx_word' id='word_1_551' title='bbox 1762 2374 1828 2392; x_wconf 81' lang='lat' dir='ltr'>aux-</span> 
     </span>
     <span class='ocr_line' id='line_1_46' title="bbox 484 2403 1498 2436; baseline 0.001 -7"><span class='ocrx_word' id='word_1_552' title='bbox 484 2404 589 2429; x_wconf 84' lang='lat' dir='ltr'>attack.</span> <span class='ocrx_word' id='word_1_553' title='bbox 614 2404 701 2429; x_wconf 82' lang='lat' dir='ltr'>When</span> <span class='ocrx_word' id='word_1_554' title='bbox 713 2405 736 2430; x_wconf 89' lang='lat' dir='ltr'><strong>A</strong></span> <span class='ocrx_word' id='word_1_555' title='bbox 748 2404 770 2429; x_wconf 93' lang='lat' dir='ltr'>is</span> <span class='ocrx_word' id='word_1_556' title='bbox 780 2404 856 2436; x_wconf 84' lang='lat' dir='ltr'>sued,</span> <span class='ocrx_word' id='word_1_557' title='bbox 869 2404 891 2430; x_wconf 88' lang='lat' dir='ltr'>it</span> <span class='ocrx_word' id='word_1_558' title='bbox 903 2404 954 2430; x_wconf 87' lang='lat' dir='ltr'>will</span> <span class='ocrx_word' id='word_1_559' title='bbox 965 2404 999 2430; x_wconf 86' lang='lat' dir='ltr'>be</span> <span class='ocrx_word' id='word_1_560' title='bbox 1008 2404 1050 2430; x_wconf 87' lang='lat' dir='ltr'>his</span> <span class='ocrx_word' id='word_1_561' title='bbox 1060 2404 1130 2436; x_wconf 83' lang='lat' dir='ltr'>duty</span> <span class='ocrx_word' id='word_1_562' title='bbox 1182 2404 1259 2430; x_wconf 88' lang='lat' dir='ltr'>ilium</span> <span class='ocrx_word' id='word_1_563' title='bbox 1272 2404 1306 2430; x_wconf 85' lang='lat' dir='ltr'>de</span> <span class='ocrx_word' id='word_1_564' title='bbox 1318 2404 1418 2430; x_wconf 84' lang='lat' dir='ltr'>herede</span> <span class='ocrx_word' id='word_1_565' title='bbox 1430 2403 1498 2430; x_wconf 81' lang='lat' dir='ltr'>&amp;c.’&#39;</span> 
     </span>
    </p>
   </div>
  </div>
 </body>
</html>
