2112 2901
511 166 558 202 30
792 174 913 200 CAsEs
940 173 1099 199 BEFORE
1126 173 1206 198 THE
1234 172 1372 198 KING›s
1399 172 1575 198 COUNCIL

512 254 668 285 decanum
705 253 744 283 de
780 252 974 290 Bradewyce
987 252 1008 270 ²⁷
1039 251 1123 282 dicte
1158 250 1290 281 diocesis
1320 250 1446 288 publice
1475 254 1507 281 et
1542 249 1747 288 solempniter
1777 247 1853 280 estis

513 307 629 334 vocata
657 307 687 333 et
719 302 930 341 peremptorie
956 301 1057 332 citata
1082 301 1206 339 publice
1232 299 1395 331 citacionis
1420 299 1525 330 edicto
1549 299 1582 330 in
1607 299 1737 330 ecclesia
1762 308 1854 337 paro-

512 353 605 384 chiali
627 353 665 383 de
686 351 902 383 Methelwode
925 350 1057 382 diocesis
1076 350 1199 389 prefate
1216 354 1249 381 et
1267 350 1299 380 in
1319 350 1461 380 manerio
1481 349 1595 380 nobilis
1616 348 1676 379 viri
1698 347 1854 380 Johannis

513 402 649 434 Comitis
670 402 708 432 de
728 402 905 432 Warrenna
924 401 1042 431 ibidem
1063 400 1227 438 proposito
1247 399 1333 438 quod
1359 398 1570 437 compareatis
1590 409 1697 430 coram
1717 398 1854 429 discreto

513 453 582 483 viro
608 451 766 482 (Ιοιηίηο28
792 451 925 482 Officiali
947 449 1067 481 domini
1087 449 1310 481 Archidiaconi
1336 449 1509 480 Norffolcie
1529 448 1580 479 vel
1605 448 1672 479 eius
1697 447 1855 479 Commis-

513 502 596 533 sario
614 502 645 531 in
664 501 806 532 Ecclesia
824 500 997 539 parochiali
1016 500 1102 531 beati
1120 499 1268 530 Nicholai
1291 499 1330 529 de
1352 498 1521 529 Brakeden
1544 498 1629 529 dicte
1651 496 1784 528 diocesis
1804 497 1854 528 die

515 551 644 582 Veneris
671 551 815 589 proxima
841 554 914 589 post
940 550 1057 580 festum
1084 549 1171 580 beati
1197 549 1340 587 Gregorii
1366 549 1453 587 Pape
1478 548 1510 578 in
1537 558 1633 579 causa
1657 546 1854 578 matrimonii

514 606 547 633 et
575 601 707 631 divorcii
735 611 797 639 que
819 611 926 632 coram
948 600 1035 630 dicto
1057 599 1187 630 domino
1209 599 1334 630 officiali
1362 598 1538 629 autoritate
1559 597 1720 629 ordinaria
1747 607 1856 635 proce-

515 651 611 682 dente
630 651 767 682 vertitur
785 661 839 682 seu
856 650 937 681 verti
953 653 1100 688 speratur
1114 649 1197 680 inter
1213 649 1315 687 ipsam
1331 646 1528 679 Matillidem
1544 647 1694 678 actricem
1710 656 1747 676 ex
1761 649 1856 685 parte

515 712 580 732 vna
600 704 631 732 et
654 701 794 732 nobilem
814 700 919 731 virum
943 700 1125 731 Johannem
1146 699 1308 730 Comitem
1330 698 1369 729 de
1389 698 1566 729 Warrenna
1589 700 1622 728 et
1646 707 1704 728 vos
1728 706 1798 727 reos
1818 706 1856 727 ex

515 751 617 782 altera
633 750 749 781 facturi
766 753 798 781 et
814 750 971 788 recepturi
988 749 1074 788 quod
1090 748 1176 780 Juris
1191 748 1288 779 fuerit
1304 752 1337 779 et
1358 747 1501 779 racionis.
1540 747 1623 778 Acta
1638 750 1714 777 sunt
1731 746 1787 777 hec
1804 745 1855 777 die

516 811 623 831 mense
639 801 708 831 loeo
723 800 864 839 prefatis.
882 799 1083 838 presentibus
1098 799 1239 830 Waltero
1255 798 1294 829 de
1309 798 1505 828 Brauteston
1521 798 1540 828 J
1543 797 1668 828 ohanne
1684 796 1723 827 de
1739 796 1856 827 Holme

517 850 635 881 clericis
650 854 682 881 et
698 850 766 880 aliis
782 850 919 881 testibus
935 850 975 880 ad
992 849 1145 887 premissa
1158 848 1282 879 vocatis
1297 847 1476 886 specialiter
1491 851 1524 878 et
1539 846 1669 885 rogatis,

572 900 767 931 Continetur
786 899 887 931 eciam
908 899 940 929 in
962 899 1073 930 eodem
1095 908 1243 936 processu
1264 897 1350 936 quod
1373 900 1446 935 post
1467 896 1655 928 citacionem
1678 895 1855 934 predictam

517 950 658 988 predicte
677 949 849 981 Comitisse
864 949 984 980 factam
1001 952 1037 979 vt
1056 948 1235 986 predictum
1251 951 1309 983 est,
1327 947 1432 978 dictus
1448 946 1599 977 Officialis
1614 956 1651 977 eo
1666 945 1753 984 quod
1769 944 1857 976 dicta

517 999 691 1031 Comitissa
712 1009 818 1030 coram
839 999 908 1037 ipso
929 999 979 1029 die
1000 998 1143 1036 predicto
1164 1008 1228 1028 non
1247 996 1428 1035 comparuit
1444 995 1610 1034 reputauit
1629 995 1732 1034 ipsam
1749 994 1857 1026 Comi-

517 1049 628 1081 tissam
642 1053 865 1080 contumacem
871 1050 893 1066 ²⁹
904 1052 937 1079 et
950 1048 1067 1079 iterato
1080 1047 1222 1078 decrevit
1236 1047 1302 1077 fore
1315 1046 1496 1077 vocandam
1510 1045 1543 1076 in
1557 1045 1651 1077 certis
1664 1044 1813 1076 maneriis
1824 1047 1858 1075 et

517 1099 655 1130 ecclesiis
669 1098 903 1137 parochialibus
919 1097 1092 1129 nominatis
1107 1097 1139 1127 in
1156 1097 1242 1128 dieto
1258 1107 1406 1135 processu
1422 1096 1447 1127 si
1466 1095 1674 1134 personaliter
1688 1098 1796 1133 posset
1811 1094 1858 1125 in-

518 1149 628 1184 veniri.
643 1153 701 1180 aut
714 1148 739 1179 si
753 1148 841 1179 dicta
854 1148 1027 1179 Comitissa
1041 1151 1098 1178 aut
1112 1147 1210 1185 ipsius
1224 1150 1445 1185 procuratores
1458 1156 1522 1177 non
1535 1145 1755 1176 invenirentur
1766 1144 1858 1183 copia

518 1199 613 1230 libelli
629 1198 769 1236 predicte
784 1196 955 1229 Matillidis
974 1198 1013 1228 de
1032 1197 1193 1235 Neyrford
1207 1206 1317 1227 versus
1333 1196 1511 1234 predictam
1527 1195 1733 1226 Comitissam
1750 1204 1857 1225 coram

518 1249 587 1287 ipso
602 1248 736 1279 Officiali
751 1248 887 1286 porrecti
901 1258 996 1286 super
1009 1257 1127 1285 magna
1141 1246 1255 1277 altaria
1269 1245 1483 1277 Ecclesiarum
1501 1245 1627 1276 illarum
1642 1247 1858 1283 apponeretur

518 1302 551 1330 et
571 1298 603 1329 in
626 1298 738 1329 hostiis
760 1298 933 1329 earundem
957 1297 1164 1335 affigeretur³⁰
1185 1297 1228 1327 Et
1251 1296 1337 1334 quod
1358 1295 1483 1334 publice
1503 1294 1678 1326 Citacionis
1698 1294 1803 1325 edicto
1825 1293 1858 1324 in

519 1348 675 1379 Maneriis
691 1351 723 1379 et
740 1347 888 1378 Ecclesiis
904 1347 1054 1385 predictis
1071 1346 1234 1385 proposito
1255 1346 1408 1376 citaretur
1423 1345 1509 1383 quod
1532 1348 1730 1383 compareret
1751 1353 1858 1375 eoram

519 1398 588 1436 ipso
607 1398 740 1429 Officiali
758 1398 809 1428 vel
827 1398 896 1436 ejus
914 1396 1141 1428 Commissario
1160 1396 1191 1426 in
1210 1395 1340 1427 ecclesia
1358 1395 1531 1434 parochiali
1548 1394 1635 1426 beati
1654 1393 1801 1425 Nicholai
1819 1393 1859 1424 de

519 1448 706 1478 Brackeden
720 1447 864 1486 predicta
877 1447 928 1478 die
943 1446 1071 1477 sabbati
1085 1446 1229 1484 proxima
1242 1449 1315 1484 post
1329 1444 1522 1476 dominicam
1537 1455 1602 1483 qua
1615 1447 1766 1475 cantatur
1779 1443 1860 1474 Mis-

519 1497 673 1529 ericordia
687 1497 845 1528 Domini³1
857 1497 998 1535 predicte
1012 1494 1166 1527 Matillidi
1178 1496 1209 1526 in
1222 1495 1365 1534 predicta
1376 1505 1473 1526 causa
1486 1504 1685 1533 responsura,
1698 1493 1754 1524 &a
1787 1493 1858 1531 Quo

520 1558 668 1586 processu
686 1547 717 1577 in
736 1547 898 1586 presencia
915 1547 1013 1585 ipsius
1029 1546 1171 1577 officialis
1186 1549 1332 1584 porrecto
1349 1548 1382 1576 et
1397 1548 1534 1582 ostenso,
1550 1544 1711 1582 quesitum
1727 1543 1803 1574 est³²
1818 1542 1859 1573 ab

519 1597 588 1636 ipso
602 1597 628 1628 si
642 1597 765 1628 dictum
780 1607 962 1635 processum
976 1596 1116 1627 advocat
1130 1599 1162 1627 et
1176 1596 1201 1626 si
1216 1595 1257 1626 sit
1271 1595 1394 1626 factum
1409 1605 1512 1625 suum.
1549 1594 1610 1632 Qui
1625 1593 1702 1625 dicit
1716 1602 1860 1631 expresse

519 1647 606 1686 quod
620 1647 662 1678 sit
675 1650 723 1678 set
735 1647 812 1678 dicit
823 1647 909 1685 quod
921 1657 993 1677 cum
1007 1646 1038 1676 in
1053 1645 1267 1677 instrumento
1281 1645 1408 1684 publico
1422 1644 1566 1683 predicto
1579 1654 1644 1675 non
1658 1643 1861 1674 contineatur

565 1719 584 1733 ²⁷
604 1717 776 1749 Bradewyce,
796 1716 958 1749 deciphered
975 1716 1012 1748 by
1031 1716 1078 1742 the
1096 1719 1169 1741 tran-

520 1755 620 1780 seriber
634 1755 662 1781 of
675 1755 722 1780 the
736 1754 873 1780 Lincoln's
891 1755 943 1780 Inn
962 1754 1022 1780 MS.
1037 1762 1066 1779 as
1084 1753 1170 1779 Brod-

521 1792 611 1818 tivice.
668 1793 679 1817 I
710 1801 760 1817 can
789 1792 846 1817 find
876 1800 913 1817 no
942 1791 1112 1823 place-name
1142 1791 1169 1816 in

522 1829 637 1855 Norfolk
648 1829 811 1861 resembling
820 1829 884 1855 this.
920 1829 980 1854 The
990 1828 1105 1854 citation
1115 1837 1170 1854 was

521 1867 580 1892 first
595 1867 716 1899 publicly
731 1866 907 1898 pronounced
922 1866 949 1891 in
964 1866 1012 1891 the
1027 1865 1127 1891 church
1142 1865 1171 1891 of

522 1904 707 1930 Methelwode
720 1913 750 1929 or
765 1903 926 1935 Methwold,
942 1912 958 1929 a
972 1912 1068 1928 manor
1081 1903 1109 1928 of
1124 1903 1171 1928 the

521 1941 585 1967 Earl
596 1942 731 1967 Warenne
743 1941 922 1973 (Blomefield,
934 1941 960 1973 ii,
971 1942 1043 1970 201).
1077 1940 1171 1966 Meth-

522 1979 592 2005 wold
613 1988 668 2004 was
688 1979 716 2004 in
737 1978 783 2004 the
804 1978 876 2004 rural
897 1978 1016 2010 deanery
1036 1978 1065 2003 of
1085 1978 1171 2004 Cran-

522 2016 598 2048 wich,
618 2017 645 2042 in
665 2016 824 2048 Domesday
842 2016 1010 2042 Cranewisse
1031 2015 1077 2045 (ib.
1096 2016 1169 2045 225).

521 2053 589 2079 This
617 2057 740 2085 suggests
769 2053 831 2079 that
860 2053 907 2079 the
935 2053 1048 2085 original
1077 2053 1171 2078 record

521 2091 619 2117 should
645 2091 715 2117 have
739 2091 808 2117 been
833 2091 1007 2123 Cranewyce,
1033 2091 1084 2116 but
1108 2090 1171 2116 that

523 2129 570 2155 the
584 2129 655 2154 clerk
670 2128 753 2154 heard
768 2128 815 2154 the
829 2137 909 2154 name
923 2128 1094 2160 incorrectly.

568 2168 587 2183 ²⁸
605 2166 664 2191 The
676 2166 749 2192 word
765 2166 787 2191 is
799 2166 916 2198 perhaps
931 2166 998 2191 used
1012 2165 1082 2195 here,
1097 2174 1127 2191 as
1142 2165 1170 2190 in

523 2203 570 2230 the
584 2203 771 2235 Universities,
787 2207 816 2229 to
830 2203 949 2229 indicate
963 2212 979 2229 a
993 2203 1135 2235 graduate.

568 2242 587 2257 ²⁹
607 2241 693 2267 “The
710 2241 812 2267 service
828 2241 856 2266 of
869 2241 917 2267 the
933 2240 1048 2266 citation
1064 2244 1093 2266 at
1105 2248 1172 2266 once

522 2279 656 2310 produces
672 2278 747 2304 three
762 2279 868 2304 effects:
897 2279 935 2309 (l)
962 2278 984 2303 it
1000 2277 1109 2310 pledges
1126 2277 1172 2303 the

523 2316 674 2341 defendant
690 2319 719 2341 to
735 2324 845 2348 appeary
862 2315 1005 2341 otherwise
1022 2315 1055 2341 he
1072 2315 1093 2340 is
1110 2324 1172 2341 con-

523 2353 705 2379 tumacious.''
742 2353 895 2379 Alexander
913 2353 956 2378 III
978 2354 1121 2383 (1159—81)
1142 2356 1172 2378 to

523 2391 617 2416 Abbot
632 2391 660 2416 of
675 2391 798 2423 Ramsay
813 2390 869 2416 and
884 2390 1061 2416 Archdeacon
1076 2390 1105 2416 of
1119 2390 1172 2422 Ely

1212 1715 1240 1741 in
1256 1716 1354 1741 Decret.
1371 1715 1429 1740 Lib.
1446 1715 1484 1740 ΙΙ.
1501 1714 1557 1740 Tit.
1574 1714 1627 1745 xiv,
1645 1722 1667 1740 0.
1684 1714 1709 1739 2.
1744 1713 1800 1739 But
1818 1712 1833 1724 “
1845 1720 1862 1738 a

1213 1753 1363 1778 defendant
1384 1773 1389 1778 .
1411 1773 1416 1778 .
1439 1772 1444 1777 .
1464 1751 1583 1784 requires
1619 1754 1648 1777 to
1684 1751 1717 1776 be
1752 1749 1861 1776 libelled

1213 1790 1320 1822 against
1342 1798 1372 1815 or
1394 1789 1509 1815 accused
1531 1789 1559 1815 of
1581 1792 1747 1820 contumacy
1769 1787 1862 1813 before

1213 1827 1247 1853 he
1267 1836 1317 1853 can
1337 1827 1370 1853 be
1390 1826 1524 1859 punished
1543 1826 1586 1852 for
1604 1826 1654 1852 it.''
1693 1825 1812 1857 Reichel,
1833 1824 1860 1856 ii,

1213 1866 1272 1895 241,
1296 1866 1355 1890 273.
1397 1865 1456 1890 Nor
1478 1873 1529 1890 can
1551 1863 1584 1890 he
1607 1863 1641 1889 be
1663 1862 1777 1888 deemed
1799 1871 1862 1888 con-

1214 1902 1368 1928 tumacious
1383 1901 1452 1927 until
1468 1910 1484 1927 a
1499 1901 1584 1933 single
1599 1901 1714 1927 citation
1728 1900 1778 1926 has
1793 1900 1862 1926 been

1215 1940 1300 1965 thrice
1318 1939 1454 1971 repeated.
1492 1939 1533 1964 Ib.
1550 1940 1609 1964 270.
1645 1937 1720 1963 That
1738 1937 1793 1963 this
1807 1945 1862 1963 was

1214 1986 1230 2003 a
1257 1977 1407 2009 “simple''
1433 1976 1488 2002 and
1513 1979 1562 2002 not
1586 1984 1603 2002 a
1629 1974 1860 2008 “peremptory”

1215 2014 1329 2040 citation
1343 2022 1459 2046 appears
1473 2014 1543 2039 from
1558 2013 1605 2039 the
1619 2013 1758 2039 shortness
1772 2012 1800 2038 of
1815 2011 1862 2038 the

1214 2052 1330 2078 interval
1345 2051 1468 2084 granted.
1507 2051 1578 2077 Ibid.

1260 2091 1279 2105 ³⁰
1298 2090 1339 2122 By
1366 2089 1546 2115 constitution
1571 2088 1634 2114 xxvi
1653 2087 1682 2113 of
1702 2087 1749 2113 the
1773 2087 1862 2119 legate

1214 2127 1288 2153 Otho
1301 2127 1322 2152 it
1334 2135 1389 2152 was
1400 2126 1531 2152 ordained
1542 2126 1604 2152 that
1616 2125 1664 2152 the
1675 2125 1765 2151 officer
1776 2124 1804 2150 of
1816 2124 1863 2150 the

1215 2165 1302 2191 Court
1317 2164 1414 2190 should
1430 2164 1509 2190 make
1524 2163 1637 2195 diligent
1651 2162 1745 2188 search
1759 2162 1801 2187 sor
1815 2161 1863 2187 the

1215 2202 1365 2228 defendant
1384 2202 1398 2213 “
1409 2210 1490 2234 quem
1508 2201 1530 2227 si
1548 2200 1663 2233 reperire
1680 2209 1734 2226 non
1751 2199 1861 2232 poterit,

1215 2240 1258 2265 die
1278 2239 1423 2265 Dominico
1441 2239 1484 2265 vel
1503 2239 1556 2264 alio
1574 2237 1677 2264 solenni
1695 2237 1723 2263 in
1741 2236 1863 2262 Ecclesia

1215 2277 1265 2303 loci
1288 2277 1358 2302 illius
1379 2277 1407 2302 in
1429 2285 1484 2308 quo
1505 2276 1601 2308 degere
1623 2274 1772 2306 consuevit,
1796 2274 1862 2300 dum

1217 2314 1303 2340 Missa
1318 2317 1455 2345 cantatur,
1471 2313 1579 2346 publice
1593 2312 1699 2338 Literas
1713 2312 1764 2343 legi
1778 2311 1863 2337 faciat

1215 2355 1243 2378 et
1262 2351 1388 2384 exponi.''
1430 2351 1462 2376 E.
1484 2351 1596 2381 Gibson,
1619 2350 1712 2382 Codex,
1734 2349 1759 2381 ii,
1783 2350 1862 2380 1002;

1216 2389 1339 2415 Wilkins'
1352 2389 1480 2420 Concilia,
1493 2388 1510 2420 i,
1526 2389 1586 2414 655.
1619 2387 1646 2413 It
1657 2386 1747 2413 would
1761 2394 1864 2418 appear
