2112 2901
527 163 574 199 29
808 174 929 199 CASES
956 173 1115 199 BEFORE
1142 174 1222 199 THE
1250 173 1387 199 KING’S
1414 173 1590 200 COUNCIL

527 252 614 290 quod
634 252 701 290 ipse
720 251 920 283 Citacionem
936 252 1113 290 predictam
1128 262 1294 290 nunquam
1309 251 1375 283 fieri
1389 251 1531 290 precepit
1544 262 1601 283 nec
1616 261 1671 290 per
1690 251 1794 290 ipsum
1809 254 1867 283 aut

527 301 596 339 ipso
612 302 731 332 sciente
746 312 801 332 seu
822 302 999 333 mandante
1019 302 1107 332 facta
1127 301 1189 332 fuit
1209 312 1266 332 nec
1288 302 1480 339 processus²²
1495 301 1609 340 aliquis
1630 311 1724 339 super
1739 300 1868 340 negotio

528 351 671 389 predicto
685 362 828 389 vnquam
843 361 949 382 coram
963 351 1032 390 ipso
1045 352 1238 382 movebatur
1251 351 1300 382 vel
1314 361 1420 382 coram
1434 351 1560 382 officiali
1573 361 1630 382 suo
1644 351 1867 389 prenominato

528 411 583 439 per
605 401 797 431 mandatum
821 401 919 439 ipsius
942 401 1165 432 Archidiaconi
1189 411 1243 432 seu
1266 401 1335 439 ipso
1358 401 1477 432 sciente
1499 411 1666 439 quousque
1689 401 1868 439 Episcopus

528 450 835 488 N01·wycensis²³eui
848 451 1007 482 Dominus
1019 451 1087 482 Rex
1098 451 1311 482 mandaverat
1321 451 1407 489 quod
1419 451 1486 489 ipse
1497 451 1674 489 Episcopus
1686 460 1867 488 processum

527 500 648 538 negocii
670 501 804 538 predicti
824 501 884 539 ipsi
905 501 1046 532 Domino
1067 501 1147 539 Regi
1167 501 1337 531 mandaret
1358 500 1417 539 ipsi
1433 500 1667 531 Archidiacono
1682 500 1721 531 de
1742 500 1868 538 prefato

526 550 682 581 mandato
697 550 829 581 Domini
843 551 939 589 Regis
953 554 1098 582 constare
1112 551 1197 581 fecit.
1233 550 1277 581 Et
1291 550 1368 582 dicit
1382 550 1468 589 quod
1482 550 1548 588 ipse
1561 550 1620 581 hoc
1635 550 1746 581 audito
1760 549 1868 580 incon-

527 599 668 631 tinenter
682 600 853 631 mandavit
869 601 1003 632 Officiali
1020 611 1077 631 suo
1094 600 1237 639 predicto
1254 600 1427 631 inhibendo
1437 601 1460 618 2⁴
1473 610 1512 631 ne
1526 600 1565 631 de
1578 600 1708 638 negocio
1724 599 1868 638 predicto

526 659 633 681 eoram
650 650 719 688 ipso
734 650 888 688 agitando
903 661 936 681 se
951 650 1084 681 vltcrius
1100 651 1339 681 intromitteret.
1378 651 1421 681 Et
1436 650 1523 688 quod
1539 650 1586 681 ita
1601 650 1642 681 sit
1658 649 1819 688 pretendit
1834 659 1868 680 se

526 699 709 738 acquietare
722 710 829 731 coram
841 700 910 739 ipso
923 701 1064 731 Domino
1078 701 1163 738 Rege
1176 710 1232 738 per
1243 700 1405 738 prefatum
1418 700 1613 738 Episcopum
1626 703 1684 730 aut
1696 699 1758 730 alio
1770 699 1867 730 modo

526 749 668 788 legitimo
684 760 887 788 quocumque
904 751 944 781 ad
961 751 1164 782 voluntatem
1181 750 1279 788 ipsius
1296 750 1427 781 Domini
1445 750 1549 788 Regis.

581 800 625 830 Et
642 800 804 838 predictus
821 800 971 831 Officialis
988 811 1045 838 pro
1061 811 1094 831 se
1110 800 1189 831 dicit
1205 800 1291 838 quod
1309 800 1453 838 predicta
1469 800 1594 831 Citacio
1611 810 1673 838 que
1690 809 1745 837 per
1761 798 1866 837 ipsum

526 849 643 880 (licitur
660 850 748 881 facta
765 850 861 881 fuisse
879 850 1054 881 secundum
1073 850 1159 888 quod
1178 850 1205 881 ei
1223 850 1399 888 imponitur
1417 860 1583 888 nunquam
1602 859 1657 887 per
1674 849 1779 887 ipsum
1798 858 1867 886 pre-

526 902 655 937 ceptum
678 910 732 930 seu
754 900 945 931 mandatum
968 911 1060 930 suum
1083 900 1114 930 in
1137 900 1287 938 predictis
1308 900 1377 930 loco
1398 903 1430 930 et
1456 903 1600 938 tempore
1621 898 1758 929 faciendi
1779 899 1867 929 facta

525 949 588 980 fuit
616 959 673 980 nec
701 949 768 988 ipse
791 950 913 981 virtute
936 960 991 980 seu
1012 950 1137 980 racione
1161 949 1323 980 citationis
1346 949 1429 980 illius
1452 949 1483 979 in
1508 949 1638 987 negocio
1662 948 1806 987 predicto
1834 948 1866 978 in

526 999 633 1037 aliquo
659 999 811 1037 processit
836 1009 1018 1037 processum
1044 999 1182 1037 aliquem
1208 999 1427 1030 continuando
1452 1003 1509 1030 aut
1534 998 1654 1037 aliquid
1679 998 1710 1028 in
1736 998 1867 1036 negocio

526 1048 578 1079 illo
608 1049 837 1087 attemptando
866 1053 1039 1087 postquam
1069 1059 1124 1087 per
1159 1049 1337 1088 predictum
1372 1049 1640 1079 Archidiaconum
1671 1048 1866 1086 superiorem

525 1109 617 1129 suum
635 1099 694 1129 sibi
710 1099 901 1130 mandatum
919 1099 980 1129 fuit
996 1103 1029 1130 et
1045 1099 1217 1130 inhibitum
1234 1109 1273 1129 ne
1289 1099 1328 1129 de
1345 1099 1431 1129 dicto
1448 1099 1577 1137 negocio
1594 1108 1700 1129 coram
1717 1098 1785 1136 ipso
1802 1097 1867 1136 agi-

525 1149 626 1179 tando
645 1159 677 1179 se
696 1149 829 1180 vlterius
848 1149 1079 1180 intromitteret
1099 1150 1154 1180 ἄπο.
1195 1149 1239 1180 Et
1258 1159 1352 1187 super
1371 1149 1430 1179 hoc
1450 1160 1487 1179 ex
1506 1152 1597 1187 parte
1616 1148 1714 1186 ipsius
1734 1147 1866 1179 Domini

525 1198 621 1236 Regis
640 1202 804 1236 porrectus
821 1202 870 1230 est
887 1199 1019 1237 quidam
1038 1209 1203 1237 processus
1220 1199 1341 1237 negocii
1360 1198 1493 1237 predicti
1512 1208 1619 1229 coram
1637 1198 1780 1236 predicto
1798 1198 1866 1228 offi-

525 1248 595 1279 ciali
614 1248 744 1279 habitus
762 1253 794 1279 et
812 1259 868 1287 per
886 1249 1081 1287 Episcopum
1101 1249 1348 1287 Norwycensem
1367 1249 1426 1287 ipsi
1445 1248 1586 1279 Domino
1605 1248 1684 1286 Regi
1702 1257 1758 1286 per
1775 1258 1866 1277 man-

525 1298 637 1329 datum
662 1298 760 1336 ipsius
783 1299 878 1337 Regis
900 1299 1015 1329 missus
1040 1299 1071 1329 in
1092 1309 1156 1337 quo
1177 1298 1383 1329 continentur
1407 1298 1588 1336 subscripta
1608 1297 1757 1328 videlicet
1778 1297 1864 1336 quod

524 1348 656 1386 quidam
687 1348 848 1379 Robertus
874 1347 978 1379 dictus
1003 1349 1042 1379 de
1072 1349 1205 1387 Capella
1237 1349 1276 1379 de
1304 1348 1431 1379 Jakesle
1463 1348 1604 1379 Clericus
1636 1347 1865 1378 Lincolniensis

525 1397 668 1429 Diocesis
695 1398 880 1436 supradicto
908 1402 1024 1429 octauo
1050 1398 1100 1429 die
1127 1398 1244 1429 mensis
1271 1398 1387 1429 Marcii
1416 1398 1447 1428 in
1474 1397 1636 1436 presencia
1664 1397 1797 1428 Roberti
1825 1397 1865 1428 de

524 1448 687 1479 Cokerton
724 1448 826 1479 clerici
860 1448 1086 1479 Dunelmensis
1118 1447 1281 1479 diocesis²⁵
1303 1448 1421 1486 publici
1453 1447 1569 1479 notarii
1599 1447 1775 1478 autoritate
1807 1446 1865 1477 im-

524 1498 661 1536 periali2⁶
675 1502 814 1529 testatur
828 1508 883 1536 per
897 1498 1060 1536 publicum
1075 1498 1325 1529 instrumentum
1340 1508 1432 1528 suum
1449 1498 1535 1536 quod
1555 1497 1686 1536 quidam
1703 1497 1865 1528 Robertus

524 1546 628 1578 dictus
654 1548 693 1578 de
719 1548 852 1586 Capella
880 1548 918 1578 de
943 1548 1070 1579 Jakesle
1096 1548 1226 1579 clericus
1252 1547 1479 1579 Lincolniensis
1505 1546 1637 1578 diocesis
1664 1547 1741 1578 talia
1766 1547 1866 1577 verba

523 1598 690 1635 proposuit
714 1598 764 1629 die
789 1598 932 1636 predicto
956 1602 1032 1629 ante
1056 1598 1167 1629 horam
1192 1608 1311 1628 nonam
1335 1598 1412 1628 dicti
1433 1597 1494 1628 diei
1518 1598 1550 1628 in
1572 1597 1693 1635 capella
1714 1597 1808 1627 bassa
1832 1596 1864 1626 in

522 1647 646 1686 palacio
661 1646 781 1678 domini
797 1647 946 1678 Edwardi
967 1648 1016 1678 dei
1036 1648 1143 1686 gracia
1161 1648 1256 1686 Regis
1271 1648 1383 1686 Anglie
1402 1647 1532 1678 illustris
1547 1647 1633 1685 apud
1648 1647 1865 1677 Westmonas-

523 1697 638 1728 terium
667 1697 886 1729 Londonensis
911 1697 1044 1728 diocesis
1068 1708 1174 1728 coram
1202 1698 1301 1728 nobili
1329 1698 1459 1728 muliere
1481 1697 1623 1728 Domina
1650 1697 1800 1728 Johanna
1825 1696 1865 1727 de

521 1747 622 1778 Barro
641 1751 718 1778 tunc
736 1747 855 1778 ibidem
875 1751 1029 1785 presente.
1071 1748 1257 1778 Innotescat
1276 1748 1367 1778 vobis
1386 1747 1516 1778 domina
1534 1747 1683 1778 Johanna
1701 1747 1740 1777 de
1763 1747 1864 1777 Barro

520 1800 553 1827 et
567 1807 624 1835 pro
639 1797 798 1828 constanti
815 1797 922 1828 sciatis
938 1797 1024 1835 quod
1039 1808 1096 1828 vos
1112 1797 1152 1827 ad
1169 1797 1359 1828 instanciam
1379 1795 1549 1828 Matillidis
1565 1797 1604 1827 de
1625 1796 1786 1834 Neyrford
1802 1795 1865 1826 filie

521 1847 685 1885 quondam
706 1847 854 1878 Willelmi
874 1847 913 1877 de
933 1847 1094 1885 Neyrsord
1114 1847 1231 1877 Militis
1250 1847 1393 1877 defuncti
1414 1846 1637 1885 Norwycensis
1657 1845 1789 1877 diocesis
1809 1855 1865 1883 per

564 1918 584 1933 ²²
604 1918 618 1928 “’
630 1916 793 1942 Sometimes
810 1917 874 1943 that
891 1917 956 1949 only
971 1917 992 1942 is
1008 1917 1093 1943 called
1108 1917 1167 1942 The

520 1955 646 1980 Processe
659 1955 696 1986 by
709 1954 796 1980 which
809 1963 825 1979 a
838 1963 902 1980 man
916 1954 937 1980 is
950 1954 1035 1980 called
1048 1954 1107 1980 into
1120 1954 1167 1979 the

519 1992 614 2023 Court,
634 1992 749 2017 because
766 1992 788 2018 it
805 1991 827 2017 is
845 1992 892 2017 the
909 1992 1055 2024 beginning
1072 2000 1102 2017 or
1121 1991 1167 2017 the

518 2029 651 2061 principal
670 2033 732 2061 part
751 2030 863 2061 thereos,
884 2029 921 2061 by
940 2029 1026 2055 which
1047 2029 1093 2055 the
1111 2032 1166 2055 rest

518 2067 547 2092 of
568 2067 616 2092 the
638 2067 760 2092 business
783 2067 804 2093 is
826 2067 975 2093 directeds’
1016 2067 1040 2093 J.
1064 2066 1164 2098 Cowel,

518 2105 681 2136 Interpreter,
697 2113 717 2130 s.
732 2113 758 2130 v.
772 2113 903 2136 processe.

562 2143 581 2158 ²³
599 2142 666 2167 This
691 2151 746 2167 was
770 2142 843 2168 John
867 2142 986 2173 Salmon,
1012 2141 1109 2174 bishop
1137 2142 1165 2167 of

518 2179 654 2211 Norwich,
673 2180 834 2206 1299—1325.
873 2180 915 2206 He
928 2180 975 2205 did
990 2182 1039 2205 not
1054 2180 1166 2205 become

517 2217 670 2243 chancellor
691 2217 732 2242 till
756 2219 830 2243 1319.
876 2218 919 2243 He
939 2226 994 2243 was
1015 2226 1031 2243 a
1054 2217 1164 2243 faithful

516 2254 649 2280 adherent
664 2257 693 2280 to
707 2255 762 2280 and
776 2254 858 2281 much
873 2255 979 2280 trusted
994 2255 1031 2287 by
1046 2255 1165 2281 Edward

517 2292 554 2317 II.
587 2292 629 2324 By
642 2291 690 2318 the
702 2292 796 2324 eighth
809 2292 999 2319 Constitution
1013 2293 1041 2318 os
1053 2292 1165 2318 Claren-

516 2328 578 2359 don,
598 2329 695 2361 passed
712 2329 739 2355 in
760 2331 833 2361 1164,
852 2330 949 2362 appeal
967 2330 1012 2362 lay
1029 2330 1099 2355 from
1118 2330 1165 2355 the

515 2367 685 2392 archdeacon
702 2370 731 2392 to
747 2367 795 2393 the
811 2367 916 2399 bishop,
952 2367 984 2393 O.
1001 2367 1025 2393 J.
1044 2367 1163 2400 Reichel,

514 2403 632 2430 Alanual
645 2405 674 2436 os
685 2405 778 2430 Canon
792 2405 855 2430 Law
871 2406 971 2438 (1896),
987 2404 1013 2437 ii,
1028 2405 1088 2431 332.

1262 1919 1282 1933 ²⁴
1302 1919 1316 1929 ‘¹
1330 1917 1481 1942 Inhibition
1512 1917 1534 1942 is
1564 1920 1637 1942 most
1665 1916 1820 1948 commonly
1848 1924 1864 1941 a

1218 1954 1288 1980 Writ.
1304 1955 1405 1986 issuing
1421 1958 1470 1980 out
1486 1955 1514 1980 of
1530 1963 1546 1980 a
1562 1954 1656 1986 higher
1671 1953 1865 1980 Court-Chris-

1218 1992 1275 2017 tian
1303 1996 1332 2018 to
1360 2001 1375 2018 a
1403 1992 1482 2018 lower
1509 1992 1564 2017 and
1591 1991 1701 2017 inferior
1728 2000 1801 2023 upon
1829 1999 1864 2016 an

1217 2030 1349 2061 Appeal.'‘
1388 2029 1487 2059 Cowel,
1504 2030 1667 2061 Interpreter,
1683 2037 1703 2054 s.
1719 2038 1745 2054 v.

1261 2069 1281 2083 ²⁵
1300 2067 1388 2093 There
1405 2067 1426 2093 is
1444 2077 1460 2093 a
1474 2066 1609 2099 township
1623 2067 1651 2092 of
1668 2066 1823 2092 Cockerton
1837 2066 1864 2092 in

1217 2104 1264 2130 the
1278 2105 1369 2136 parish
1384 2105 1412 2130 of
1427 2105 1599 2136 Darlington,
1615 2104 1703 2130 South
1719 2104 1853 2129 Durham.

1262 2144 1281 2158 ²⁶
1301 2146 1315 2154 *¹
1328 2143 1377 2168 We
1395 2142 1444 2168 call
1460 2142 1515 2167 him
1533 2150 1549 2167 a
1564 2143 1672 2173 Notary
1687 2141 1749 2167 that
1764 2144 1865 2167 attests

1216 2180 1298 2205 deeds
1309 2189 1339 2205 or
1350 2180 1471 2212 writings
1483 2183 1512 2205 to
1523 2180 1603 2205 make
1615 2179 1690 2205 them
1702 2179 1864 2205 authentick

1216 2217 1243 2242 in
1263 2217 1378 2243 another
1397 2217 1541 2250 country.'’
1580 2216 1679 2248 Cowel,
1698 2217 1862 2249 Interpretar,

1215 2263 1236 2280 s.
1251 2264 1276 2280 v,
1309 2255 1368 2281 The
1382 2255 1509 2281 Notaries
1523 2254 1651 2287 Imperial
1663 2263 1732 2280 were
1745 2263 1761 2280 a
1774 2262 1864 2286 recog-

1215 2292 1294 2318 nized
1312 2293 1388 2323 class,
1409 2293 1459 2318 but
1478 2292 1499 2318 it
1518 2292 1607 2318 would
1625 2300 1697 2317 seem
1717 2291 1778 2317 that
1798 2291 1864 2324 they

1215 2338 1284 2356 were
1301 2330 1358 2356 also
1375 2339 1463 2355 sworn
1481 2330 1535 2356 and
1553 2329 1689 2355 admitted
1707 2329 1778 2354 here.
1815 2329 1864 2355 See

1216 2368 1341 2399 Covenlry
1355 2368 1437 2393 Letter
1452 2368 1524 2393 Book
1539 2367 1566 2392 in
1581 2367 1613 2392 E.
1629 2367 1661 2392 E.
1677 2367 1709 2392 T.
1725 2366 1751 2392 S.
1770 2368 1861 2397 (1907)

1215 2408 1255 2437 pt..
1271 2405 1287 2437 i,
1303 2414 1329 2437 p.
1345 2406 1387 2431 59.
1419 2404 1508 2431 There
1521 2413 1590 2430 were
1604 2404 1661 2430 also
1676 2403 1760 2436 Papal
1776 2405 1864 2430 Nota-
