2112 2901
498 191 545 227 38
779 200 900 225 CASES
927 199 1086 225 BEFORE
1114 199 1194 224 THE
1222 199 1360 225 KING’S
1387 199 1563 225 COUNCIL

498 278 629 311 consilio
643 278 738 317 Regis
751 278 782 308 in
796 277 929 309 Octabis
941 278 1058 309 Sancte
1071 277 1242 308 Trinitatis
1254 278 1264 295 ⁶
1280 288 1365 308 anno
1378 277 1465 316 regni
1478 277 1574 316 Regis
1587 277 1738 308 Edwardi
1751 276 1841 308 tercii

499 328 649 359 vicesimo
670 331 787 359 octauo
808 327 848 358 ad
870 327 1110 358 informandum
1131 327 1254 359 dictum
1276 327 1442 358 consilium
1462 337 1558 365 super
1578 326 1748 365 premissis.
1790 327 1842 358 Ad

498 388 595 417 quem
618 378 702 408 diem
725 377 887 416 predictus
910 377 1070 408 Iohannes
1092 377 1182 408 venit
1204 387 1311 408 coram
1334 376 1464 408 consilio
1486 379 1519 408 et
1541 376 1619 407 dicit
1641 376 1728 415 quod
1750 376 1843 408 nauis

499 427 644 466 predicta
657 427 689 458 in
703 430 799 465 portu
813 426 957 465 predicto
971 436 1026 465 per
1040 430 1104 458 tres
1119 427 1221 457 fluxus
1235 430 1268 458 et
1281 427 1427 465 refluxus,
1444 429 1481 457 ut
1494 426 1703 464 premittitur,
1717 436 1842 457 moram

498 477 584 515 fecit,
606 480 639 508 et
659 476 811 515 magister
831 480 864 508 et
884 475 1048 507 marinarii
1068 476 1209 507 eiusdem
1231 476 1323 508 nauis
1343 476 1382 507 de
1402 475 1560 507 veniendo
1581 475 1622 506 ad
1644 479 1762 506 terram
1783 476 1843 506 sub

498 527 588 558 saluo
610 526 772 558 conductu
795 536 852 565 pro
874 530 1023 557 custunia
1045 526 1189 565 predicta
1210 526 1329 557 ibidem
1350 525 1506 557 soluenda
1527 535 1582 564 per
1603 525 1765 564 prefatum
1788 525 1844 556 ad-

499 576 659 607 mirallum
679 587 716 607 ex
737 580 828 614 parte
848 575 944 614 Regis
964 575 1118 614 requisiti,
1139 576 1354 614 promiserunt
1373 586 1406 606 se
1426 575 1458 606 in
1474 575 1650 606 crastinum
1667 575 1707 605 ad
1724 578 1843 606 terram

499 626 617 658 ibidem
637 626 678 657 ad
698 629 879 657 custumam
899 625 986 656 illam
1005 625 1192 657 soluendam
1211 625 1319 656 venire
1337 625 1484 663 voluisse,
1504 628 1538 656 et
1556 635 1613 663 pro
1629 635 1666 656 eo
1681 625 1767 663 quod
1783 624 1844 663 ipsi

499 679 593 707 nocte
611 676 784 707 subsecuta
802 686 875 706 oum
894 675 969 706 naui
989 675 1142 714 predicta,
1162 685 1227 706 non
1245 675 1351 706 soluta
1369 678 1518 706 custuma
1536 674 1690 713 predicta,
1709 684 1844 706 recesse-

499 729 585 764 runt,
610 725 772 764 predictus
794 725 971 756 Willelmus
994 729 1031 756 ut
1053 725 1218 756 familiaris
1241 725 1376 763 predicti
1399 724 1552 756 Iohannis
1575 728 1608 755 et
1630 724 1669 755 de
1692 727 1843 762 precepto

499 776 578 807 dicti
594 775 751 806 admiralli
767 775 815 806 sui
831 785 947 805 nauem
964 775 1141 813 predictam
1157 775 1320 806 insecutus
1335 774 1398 805 fuit
1413 778 1445 806 et
1461 784 1531 805 eain
1548 784 1620 805 cum
1636 773 1844 804 mercandisis

500 825 652 864 predictis
669 828 826 863 tanquam
846 825 989 863 predicto
1008 824 1188 863 Capitaneo
1205 835 1243 855 ex
1261 835 1357 855 causa
1375 824 1519 862 predicta
1536 823 1734 855 forisfactam
1753 823 1844 854 iuxta

501 876 644 906 Insulam
663 875 840 914 predictam
860 874 944 913 cepit
962 874 993 905 in
1012 874 1116 905 forma
1134 874 1287 913 predicta,
1307 878 1339 905 et
1357 874 1396 904 de
1414 874 1533 904 eisdem
1551 883 1634 904 naue
1651 876 1684 904 et
1702 883 1845 904 mercan-

500 925 576 956 disis
601 935 673 956 cum
699 925 825 963 prefato
850 924 994 955 Iohanne
1020 924 1232 962 computamt,
1258 927 1292 954 et
1316 923 1418 954 eidem
1444 923 1581 954 Iohanni
1606 923 1680 954 inde
1704 923 1844 961 plenarie

500 975 675 1013 respondit,
699 974 782 1005 sicut
804 974 949 1012 superius
971 974 1094 1005 dictum
1117 977 1176 1005 est.
1217 973 1261 1004 Et
1283 973 1446 1012 predictus
1468 973 1645 1003 Willehnus
1670 972 1845 1003 tradiditur

500 1024 648 1063 Philippo
675 1024 714 1055 de
740 1023 912 1055 Whitt0n⁷
937 1023 971 1054 in
997 1023 1140 1061 baHimn,
1168 1023 1209 1054 ad
1235 1023 1422 1054 habendum
1448 1022 1554 1061 ipsum
1581 1032 1688 1054 coram
1715 1022 1845 1053 consilio

500 1074 621 1105 domini
641 1073 746 1112 Regis,
767 1084 839 1104 cum
858 1083 953 1112 super
970 1073 1030 1104 hoc
1048 1084 1086 1104 ex
1104 1076 1196 1112 parte
1215 1073 1311 1112 Regis
1329 1072 1426 1104 fuerit
1444 1072 1655 1111 premunitus.
1696 1072 1740 1103 Et
1758 1075 1846 1110 post-

500 1124 633 1155 modum
648 1123 841 1154 mandatum
856 1123 919 1154 fuit
934 1123 1061 1162 prefato
1077 1122 1213 1154 Iohanni
1229 1133 1284 1161 per
1299 1123 1396 1154 breve
1411 1122 1533 1153 domini
1549 1121 1645 1160 Regis
1660 1122 1746 1161 quod
1762 1124 1846 1153 esset

500 1184 608 1205 coram
627 1174 713 1212 Rege
730 1173 762 1204 in
781 1173 969 1204 cancellaria
986 1183 1044 1204 sua
1061 1173 1093 1203 in
1110 1172 1249 1204 crastino
1265 1172 1466 1203 Ascensionis
1484 1171 1638 1203 Domini8
1655 1182 1740 1203 anno
1758 1170 1845 1210 regni

500 1223 579 1255 dicti
605 1223 726 1254 domini
753 1223 849 1261 Regis
874 1223 1025 1254 vicesimo
1051 1233 1136 1254 nono
1162 1222 1203 1253 ad
1229 1222 1426 1253 audiendum
1451 1222 1605 1252 iudicium
1630 1232 1725 1253 suuni
1750 1231 1846 1259 super

501 1273 671 1312 premissis.
715 1272 776 1311 Qui
796 1272 926 1311 quidem
947 1272 1107 1304 Iohannes
1127 1272 1159 1303 in
1180 1273 1292 1303 eadem
1313 1271 1501 1303 cancellaria
1521 1271 1607 1309 apud
1628 1271 1846 1302 Westmonas-

501 1323 617 1354 terium
631 1323 672 1353 ad
687 1322 771 1353 diem
785 1322 965 1361 predictum
979 1322 1170 1360 comparuit,
1185 1325 1217 1353 et
1231 1322 1313 1353 lecto
1327 1325 1359 1352 et
1375 1321 1509 1352 recitato
1523 1321 1641 1352 ibidem
1656 1330 1763 1352 coram
1776 1321 1846 1359 ipso

502 1373 645 1404 Iohanne
661 1383 809 1411 processu
826 1372 980 1410 predicto,
997 1372 1029 1402 in
1046 1371 1209 1410 presencia
1224 1371 1377 1402 Iohannis
1393 1371 1490 1402 Ebor’
1506 1370 1745 1409 Archiepiscopi
1761 1370 1846 1401 Can-

501 1423 641 1454 cellarii⁹
667 1422 816 1453 Willehni
841 1421 995 1460 Wynton'
1025 1421 1177 1460 Episcopi
1204 1421 1408 1452 Thesaurarii
1421 1422 1441 1439 ¹⁰
1466 1431 1503 1452 ac
1524 1420 1778 1451 Iusticiariorum
1806 1420 1846 1451 de

501 1476 639 1511 utroque
660 1472 762 1503 banco
782 1475 816 1503 et
835 1471 904 1502 aliis
930 1470 1000 1508 (sic)
1026 1472 1065 1502 de
1090 1471 1220 1503 consilio
1240 1471 1318 1502 dicti
1338 1470 1460 1502 domini
1480 1470 1586 1509 Regis,
1608 1470 1847 1501 consideratum

500 1525 550 1554 est
579 1522 667 1561 quod
690 1521 853 1560 predictus
877 1521 1036 1553 Iohannes
1059 1521 1206 1560 capiatur
1228 1524 1261 1552 et
1284 1521 1410 1559 prisone
1433 1520 1554 1551 domini
1578 1520 1674 1558 Regis
1696 1519 1728 1550 in
1751 1519 1845 1550 Turri

502 1572 647 1603 London'
665 1571 827 1609 mittatur,
848 1575 882 1602 et
902 1571 989 1610 quod
1010 1571 1095 1602 bona
1115 1574 1148 1602 et
1170 1571 1287 1602 catalla
1307 1581 1365 1601 sua
1384 1570 1417 1601 in
1437 1580 1536 1601 manu
1561 1569 1657 1608 Regis
1677 1569 1847 1600 seisiantur

501 1632 669 1661 quousque
684 1621 814 1652 domino
829 1621 909 1660 Regi
926 1621 965 1652 de
981 1621 1089 1652 valore
1106 1621 1198 1652 nauis
1214 1624 1247 1651 et
1264 1620 1421 1652 bonorum
1437 1623 1471 1651 et
1486 1619 1675 1651 catallorum
1689 1619 1848 1658 predicto-

502 1682 573 1703 rum
590 1671 688 1702 fuerit
704 1681 902 1709 responsum.
943 1671 997 1702 Ita
1015 1671 1102 1710 quod
1121 1670 1243 1702 denarii
1262 1671 1301 1701 de
1320 1670 1428 1701 valore
1447 1669 1591 1708 predicto
1610 1669 1845 1708 provenientes,

501 1721 527 1753 si
547 1721 682 1752 inueniri
702 1720 871 1760 contigerit
888 1731 1004 1752 nauem
1022 1724 1054 1752 et
1071 1721 1157 1751 bona
1173 1724 1206 1751 et
1223 1720 1340 1752 catalla
1360 1720 1505 1758 predicta
1525 1730 1563 1751 ex
1584 1729 1681 1750 causa
1701 1718 1847 1757 predicta

502 1771 668 1802 forisfacta
680 1770 787 1808 fuisse,
805 1770 949 1809 predicto
962 1771 1093 1801 domino
1110 1770 1189 1809 Regi
1205 1774 1362 1808 tanquam
1376 1769 1462 1801 bona
1478 1779 1536 1800 sua
1552 1769 1689 1807 propria,
1707 1779 1744 1800 eo
1759 1768 1846 1807 quod

502 1821 614 1852 eadem
637 1820 730 1851 nauis
751 1823 784 1851 et
803 1820 889 1851 bona
908 1820 941 1850 in
962 1823 1124 1858 potestate
1145 1819 1267 1851 domini
1288 1819 1385 1857 Regis
1405 1819 1518 1857 Anglie
1540 1819 1674 1849 inventa
1695 1821 1729 1849 et
1750 1821 1847 1856 capta

502 1870 643 1908 fuerunt,
663 1873 851 1901 remaneant
857 1880 864 1908 ;
888 1873 921 1901 et
936 1870 962 1900 si
978 1870 1018 1900 ad
1034 1873 1156 1901 sectam
1172 1869 1307 1908 predicti
1322 1868 1509 1900 mercatoris
1525 1868 1660 1899 inueniri
1676 1867 1847 1906 contigerit

503 1920 648 1959 predicta
670 1930 797 1957 nauem,
818 1920 905 1950 bona
924 1923 957 1950 et
980 1919 1098 1950 catalla
1117 1919 1149 1950 in
1170 1919 1274 1950 fornia
1296 1918 1441 1957 predicta
1462 1918 1628 1949 forisfacta
1650 1928 1715 1949 non
1738 1917 1846 1956 fuisse,

502 1973 580 2001 tunc
602 1969 746 2008 predicto
766 1969 936 2000 mercatori
955 1969 995 2001 de
1014 1969 1123 1999 valore
1146 1969 1291 2008 predicto
1313 1978 1369 2007 per
1389 1968 1513 2000 dictum
1535 1967 1703 1999 dominum
1724 1967 1847 2006 Regem

502 2019 767 2058 respondeatur.¹¹

559 2069 741 2107 [Endorsed:
753 2068 804 2107 —]
834 2067 1018 2100 Recordum
1037 2072 1151 2100 contra
1169 2068 1363 2100 Willelmum
1382 2067 1423 2099 de
1441 2067 1597 2106 Rouoeby
1615 2070 1649 2099 et
1668 2067 1846 2099 Iohannem

503 2119 634 2150 Auenel.
911 2128 915 2130 '

502 2189 625 2215 Genoese
643 2192 673 2215 at
692 2188 739 2215 the
757 2189 839 2221 Scilly
858 2189 972 2215 Islands.
1010 2189 1082 2215 First
1101 2189 1148 2215 the
1200 2189 1262 2215 fleet
1281 2197 1350 2214 were
1368 2188 1454 2214 found
1473 2187 1528 2214 and
1547 2187 1668 2214 arrested
1687 2190 1717 2213 at
1736 2186 1845 2213 Bristol.

502 2227 680 2258 Englishmen
712 2226 866 2252 demanded
899 2227 950 2252 200
983 2226 1075 2252 florins
1106 2227 1149 2252 for
1200 2226 1256 2252 Cal.
1272 2226 1330 2251 Pac.
1345 2227 1405 2252 543.

502 2264 573 2290 their
587 2264 695 2295 release,
713 2264 767 2290 and
784 2263 850 2290 then
866 2273 901 2289 on
917 2263 988 2290 their
1003 2264 1102 2290 refusal
1118 2267 1148 2290 to
1245 2265 1254 2280 ⁵
1274 2265 1305 2289 15
1317 2263 1396 2295 June,
1412 2264 1487 2289 1354.

502 2310 557 2334 pay
569 2301 690 2327 boarded
703 2301 750 2327 the
761 2301 822 2334 ship
835 2301 889 2327 and
901 2301 989 2327 seized
1001 2301 1056 2333 her,
1070 2301 1149 2327 while
1245 2302 1254 2317 ⁷
1271 2302 1296 2327 A
1312 2301 1371 2326 well
1387 2300 1487 2326 known
1505 2299 1707 2326 commissioner
1722 2298 1750 2324 in
1767 2297 1847 2324 mari-

502 2339 550 2365 the
568 2339 723 2364 merchants
742 2339 808 2364 took
826 2342 855 2365 to
874 2338 921 2365 the
938 2339 1019 2365 boats
1036 2339 1091 2365 and
1109 2347 1149 2365 es-
1200 2338 1267 2364 time
1284 2347 1366 2364 cases.
1402 2338 1435 2363 In
1455 2339 1521 2364 1346
1537 2337 1571 2363 he
1588 2345 1643 2363 was
1659 2335 1846 2363 vice-admiral

502 2376 588 2408 caped
600 2379 628 2402 to
639 2376 712 2402 land.
741 2377 808 2402 Two
819 2376 847 2402 of
857 2376 905 2402 the
915 2377 968 2403 five
978 2376 1053 2409 ships
1063 2376 1092 2402 of
1102 2376 1150 2402 the
1201 2376 1287 2402 under
1303 2375 1351 2402 the
1366 2375 1421 2401 earl
1437 2375 1466 2401 of
1479 2374 1607 2407 Arundel,
1622 2373 1738 2400 admira]
1754 2373 1783 2399 of
1799 2373 1846 2399 the
