2112 2901
290 414 441 434 Memoranda
445 420 465 433 111

288 447 315 467 de
326 447 466 467 confes-*ione

287 479 399 501 Johannis
407 479 478 499 Ferale

499 147 567 183 103
776 157 897 183 οΑ5Ε5
924 158 1083 183 BEFORE
1111 158 1191 183 THE
1219 158 1356 183 KING’s
1384 158 1560 184 eooNelL

646 264 895 293 CONFESSION
915 265 1003 293 AND
1023 265 1317 294 EXAMINATION
1339 265 1389 294 OF
1408 265 1513 294 JOHN
1531 265 1686 294 FORDE¹

550 359 801 389 Momm-andum
823 359 909 397 quod
931 359 1173 398 quartodecimo
1194 360 1244 390 die
1265 359 1348 390 Maii
1368 359 1483 390 ultimo
1504 359 1658 398 preterito
1673 359 1837 390 Johannes

496 409 598 439 Forde
611 410 621 426 2
639 409 677 439 de
696 409 830 439 London
847 420 968 440 mercer
984 409 1074 440 venit
1091 409 1123 439 in
1142 409 1269 448 propria
1287 420 1422 448 persona
1439 419 1497 440 sua
1514 409 1601 448 apud
1618 410 1837 440 Westmonas-

496 459 611 489 terium
634 458 783 489 videlicet
805 458 837 488 in
861 469 986 490 camera
1008 459 1137 490 stellata
1158 459 1241 490 infra
1264 459 1423 497 palacium
1446 459 1542 497 Regis
1565 469 1672 490 eoram
1694 458 1837 489 Radulfo

496 508 626 539 domino
654 508 693 538 (le
721 508 900 546 Croniwell,
929 509 1079 546 chiualer,
1107 509 1320 540 Thesaurario
1348 509 1470 547 Anglie,
1494 509 1641 539 Johanne
1669 509 1777 547 Fray³
1804 511 1838 539 et

496 558 653 588 Willelmo
671 559 697 588 F
698 558 782 589 311311
797 559 806 576 ⁴
824 558 936 589 clerico
953 559 1134 589 Bal-onibus
1152 559 1190 589 de
1207 559 1372 589 Scaecario
1390 559 1525 597 predicti
1542 558 1663 589 domini
1680 558 1786 596 Regis,
1804 557 1838 588 in

495 608 658 646 presencia
678 608 836 638 Johannis
857 609 1047 647 Vampage,⁵
1070 608 1229 639 attornati
1252 608 1373 639 domini
1397 608 1502 647 Regis,
1527 619 1564 639 30
1587 607 1723 639 Roberti
1749 607 1837 638 Whi-

494 658 675 695 tynghaln,⁶
695 658 827 696 majoris
847 658 973 696 stapule
995 658 1130 697 predicti
1150 658 1272 689 domini
1292 658 1388 697 Regis
1407 658 1482 689 ville
1501 668 1556 688 sue
1577 657 1692 696 Cales’,
1713 667 1837 688 necnon

492 708 642 738 Willchni
671 708 820 745 Estfeld,⁷
849 708 983 738 Roberti
1013 708 1113 747 Large
1126 710 1137 727 ⁸
1164 712 1197 739 et
1225 708 1373 746 Hugonis
1401 708 1521 746 Dyke,⁹
1548 710 1764 738 mercatorum
1798 707 1838 737 de

494 758 648 788 societate
667 757 812 796 ejusdem
831 758 966 796 stapule,
987 762 1020 789 et
1039 761 1277 789 sacramentum
1297 758 1439 796 prestitit
1458 757 1620 796 corporale
1643 757 1681 788 de
1700 757 1838 787 veritate

495 807 631 838 dicenda
649 818 744 846 super
763 807 857 838 certis
875 808 1017 838 articulis
1037 808 1243 838 commodum
1262 808 1340 838 dicti
1359 807 1481 838 domini
1500 807 1596 846 Regis
1616 806 1835 845 tangentibus.

496 857 540 888 Et
556 868 651 895 super
668 857 727 888 hoe
745 857 829 887 idem
846 857 1010 888 Johannes
1026 858 1148 888 adtunc
1165 861 1198 888 et
1215 857 1334 888 ibidem
1350 857 1553 888 examinatus
1569 857 1595 887 si
1612 857 1678 895 ipse
1696 856 1839 894 aliquam

496 908 603 938 lanam
621 907 671 938 vel
690 907 814 945 aliquas
831 907 928 945 pelles
945 908 1074 938 lanutas
1091 907 1186 938 alicui
1203 907 1377 945 alienigene
1395 910 1472 938 ante
1489 906 1547 937 1100
1565 910 1711 944 tempora
1728 905 1839 936 vendi-

497 957 589 995 derit,
612 957 696 987 idem
717 957 880 988 Johannes
901 957 979 987 (licit
999 961 1032 987 et
1053 957 1133 987 bene
1154 957 1306 995 cognouit
1326 957 1413 995 quod
1434 957 1501 995 ipse
1522 966 1629 987 mense
1650 955 1733 986 Maii
1753 965 1839 986 anno

497 1007 584 1045 regni
606 1007 683 1037 dicti
705 1007 826 1037 domini
846 1007 942 1045 Regis
963 1017 1048 1037 nunc
1068 1007 1283 1037 sextodecimo
1299 1007 1386 1045 apud
1407 1006 1551 1037 London’
1573 1006 1607 1036 in
1628 1005 1780 1044 parochia
1800 1005 1840 1035 (10

497 1057 804 1087 Aldermarichirche
818 1058 839 1075 ¹⁰
860 1057 1007 1087 vendidit
1029 1057 1156 1087 cuidam
1178 1056 1322 1087 Gerardo
1343 1056 1488 1093 Matson,
1511 1056 1702 1093 ducheman,
1724 1054 1840 1093 viginti

497 1111 530 1138 et
547 1117 599 1137 sex
617 1110 724 1145 petras
742 1106 813 1137 lane
830 1107 926 1145 precii
943 1106 1115 1145 cujuslibet
1131 1110 1220 1144 petre
1237 1109 1301 1137 tres
1318 1106 1435 1137 solidos
1451 1110 1484 1136 et
1500 1109 1625 1144 septem
1641 1105 1806 1135 duodenas
1820 1105 1840 1122 ¹¹

498 1157 596 1195 panni
614 1156 696 1187 lanei
713 1156 771 1187 lati
789 1156 884 1194 precii
903 1156 1049 1187 duodene
1071 1166 1128 1194 pro
1149 1156 1261 1187 eodem
1282 1156 1386 1194 precio
1406 1156 1491 1186 inter
1510 1155 1639 1186 eosdem
1659 1155 1840 1186 Johannem

498 1207 601 1237 Forde
627 1210 660 1237 et
686 1206 867 1237 Gerardum
894 1207 1098 1243 concordate,
1125 1209 1158 1237 et
1184 1206 1271 1244 quod
1297 1206 1383 1236 idem
1408 1205 1572 1237 Johannes
1598 1205 1701 1235 Forde
1727 1207 1841 1242 postea

498 1257 626 1287 eosdem
641 1256 749 1287 13113111
763 1260 796 1287 01
810 1266 934 1294 pannos
948 1256 1075 1294 paccari
1089 1256 1165 1287 feeit
1179 1256 1211 1286 in
1226 1256 1368 1294 quodam
1382 1264 1490 1294 paceo,
1506 1258 1539 1285 et
1553 1255 1690 1285 eundem
1705 1264 1841 1292 paccum

498 1307 542 1337 sic
563 1310 733 1344 paccatum
754 1306 841 1344 apud
861 1306 982 1337 dictam
999 1306 1166 1336 ciuitatem
1182 1305 1327 1336 London'
1348 1305 1380 1335 in
1401 1304 1732 1341 Graschurehestrete,
1754 1303 1842 1334 vide-

498 1356 582 1393 licet,
596 1356 628 1386 in
641 1355 792 1394 parochia
805 1356 915 1386 Sancti
927 1355 1104 1393 Benedicti,
1119 1355 1247 1386 cuidam
1259 1356 1277 1386 J
1281 1355 1400 1386 ohanni
1413 1355 1515 1393 Piper,
1530 1354 1681 1385 seruienti
1694 1353 1841 1384 Clemen-

499 1406 541 1437 tis
562 1406 702 1437 Comber
723 1406 762 1436 de
783 1406 948 1443 Colcestr',
970 1416 1071 1444 usque
1093 1406 1228 1436 eandem
1244 1405 1354 1436 villam
1370 1404 1524 1435 Colcestr’
1544 1404 1577 1434 in
1598 1406 1723 1435 carecta
1743 1403 1842 1441 ipsius

499 1456 685 1493 Clementis,
716 1456 802 1486 unde
831 1455 916 1486 idem
946 1455 1086 1486 seruiens
1115 1455 1237 1486 adtunc
1266 1455 1329 1485 fuit
1359 1454 1560 1491 carectarius,
1592 1453 1779 1485 cariandum
1809 1455 1842 1483 et

499 1505 639 1537 Johanni
658 1505 774 1536 Cranle
793 1505 832 1536 de
849 1505 1003 1536 Colcestr'
1020 1505 1165 1543 predicta
1182 1505 1302 1535 ibidem
1317 1504 1530 1535 liberandum.
1569 1504 1613 1534 Et
1629 1503 1758 1541 insuper
1774 1512 1843 1540 pre-

500 1555 606 1586 dictus
624 1555 788 1586 Johannes
807 1555 910 1585 Forde
929 1555 1007 1586 dicit
1025 1555 1112 1593 quod
1132 1565 1227 1593 super
1244 1554 1435 1585 liberaeione
1454 1553 1543 1592 pacci
1563 1553 1697 1592 predicti
1716 1552 1842 1591 prefato

499 1605 651 1636 seruienti
677 1605 764 1643 apud
788 1605 944 1643 London',
971 1608 1008 1635 ut
1034 1605 1214 1643 predictum
1240 1608 1298 1642 est,
1325 1604 1422 1642 facta,
1446 1604 1532 1634 idem
1554 1603 1717 1634 Johannes
1739 1602 1843 1632 Forde

499 1655 650 1686 liberauit
666 1655 769 1685 eidem
787 1655 939 1685 seruienti
956 1655 1121 1693 quandam
1138 1655 1280 1685 litteram
1302 1654 1401 1692 ipsius
1421 1654 1439 1685 J
1442 1653 1577 1684 ohannis
1595 1652 1698 1683 Forde
1717 1651 1843 1690 prefato

500 1705 641 1736 ι1011311111
660 1705 777 1736 Cranle
795 1705 960 1742 directam,
982 1715 1037 1742 per
1055 1715 1153 1743 quam
1172 1704 1314 1735 litteram
1333 1704 1418 1734 idem
1436 1703 1600 1734 Johannes
1618 1702 1721 1733 Forde
1739 1701 1844 1732 voluit

501 1758 533 1785 et
550 1755 720 1785 mandauit
736 1755 839 1785 eidem
855 1754 995 1785 Johanni
1012 1754 1129 1785 Cranle
1145 1754 1232 1792 quod
1249 1754 1316 1792 ipse
1332 1764 1468 1792 paccum
1484 1753 1664 1791 predictum
1681 1762 1700 1782 a
1717 1751 1843 1790 prefato

547 1827 553 1841 ¹
574 1825 754 1857 Exemplified
783 1825 810 1850 in
839 1824 886 1850 the
916 1825 990 1850 Close
1018 1825 1086 1856 Roll,
1118 1826 1149 1850 17

502 1863 573 1888 Hen.
589 1863 636 1893 VI,
653 1871 688 1887 m.
704 1864 727 1894 6,
744 1862 883 1894 including
898 1863 920 1888 A
935 1862 982 1888 the
997 1871 1150 1888 memoran-

502 1900 568 1925 dum
583 1900 611 1926 os
624 1899 671 1925 the
685 1900 799 1931 council,
815 1899 869 1925 and
884 1900 906 1925 B
921 1899 967 1925 the
982 1902 1150 1931 consequent

502 1941 571 1963 writ.

548 1977 556 1991 ²
576 1975 598 2000 A
613 1983 715 2000 mercer
727 1974 755 2000 of
768 1974 883 2000 London
897 1974 930 2000 110
944 1974 965 2000 15
979 1974 1064 2000 0311οᾱ
1078 1974 1105 1999 111
1119 1974 1150 1999 Β.

547 2014 556 2028 ³
575 2012 733 2044 Appointed
761 2011 837 2037 third
864 2012 951 2038 baron
978 2012 1007 2037 of
1035 2011 1081 2037 the
1108 2020 1152 2037 cx-

502 2049 620 2081 chequer
641 2050 669 2075 in
694 2050 768 2081 1426,
793 2049 893 2075 second
916 2049 1002 2075 baron
1024 2049 1051 2074 in
1076 2050 1150 2081 1435,

503 2087 574 2113 chief
592 2087 677 2113 baron
695 2087 722 2112 in
742 2088 816 2118 1436,
835 2087 890 2112 and
907 2087 935 2112 in
952 2086 1007 2112 this
1025 2087 1151 2118 capacity

504 2124 537 2150 he
554 2133 608 2150 was
623 2125 678 2150 still
695 2125 784 2150 active
801 2125 828 2150 in
845 2126 921 2150 1443.
956 2124 1008 2150 For
1024 2124 1065 2150 his
1081 2124 1151 2156 good

504 2162 607 2188 service
622 2162 648 2187 in
664 2161 710 2188 the
725 2161 876 2194 exchequer
890 2161 923 2187 he
938 2161 1061 2187 reeieved
1076 2170 1092 2187 3
1106 2161 1151 2187 life

505 2202 586 2231 grant
602 2200 630 2225 of
647 2209 662 2225 3
679 2208 775 2225 maner
791 2199 880 2225 worth
897 2200 931 2225 40
948 2199 1040 2225 marks
1056 2208 1072 2224 3
1089 2207 1155 2231 year

509 2237 577 2267 (Cal,
591 2237 649 2262 Pac.
664 2239 694 2263 15
707 2238 777 2262 Hen.
789 2237 837 2269 VI,
850 2238 905 2267 50).
936 2237 978 2262 He
990 2245 1045 2262 was
1055 2237 1154 2268 justice

505 2275 534 2300 of
550 2274 596 2299 the
612 2283 694 2306 peace
709 2275 736 2300 in
752 2274 856 2300 several
872 2275 995 2300 comities
1011 2274 1065 2300 and
1082 2283 1155 2300 com-

506 2312 647 2337 missioncr
660 2312 688 2337 of
701 2312 811 2337 various
824 2314 890 2338 sort.

551 2350 559 2364 ⁴¹
580 2349 670 2375 Baron
685 2349 713 2375 of
727 2349 774 2375 the
788 2349 939 2381 exchequer
955 2350 1083 2379 1436-44,
1099 2348 1154 2374 and

506 2386 718 2412 commissioner.
757 2387 800 2413 He
820 2395 876 2413 was
896 2395 932 2412 on
951 2386 1056 2412 several
1076 2385 1155 2412 other

1193 1824 1332 1850 occasions
1350 1823 1500 1856 appointed
1519 1826 1548 1849 to
1566 1823 1672 1855 inquire
1690 1822 1749 1848 into
1768 1830 1844 1847 cases

1193 1861 1221 1887 of
1238 1862 1315 1887 illicit
1332 1861 1507 1894 exportation
1525 1861 1553 1886 of
1570 1860 1639 1886 wool
1657 1859 1711 1886 and
1729 1859 1842 1885 evasion

1193 1899 1221 1925 of
1242 1899 1289 1925 the
1311 1902 1440 1924 customs.
1482 1898 1538 1924 Cal.
1562 1898 1621 1923 Pan.
1646 1898 1677 1923 17
1699 1898 1771 1922 Hen.
1794 1896 1842 1928 VI,

1195 1938 1257 1967 315;
1285 1938 1317 1962 18
1331 1936 1463 1967 Hen.V1,
1479 1936 1538 1967 372,
1553 1936 1613 1967 417,
1628 1938 1680 1960 etc.

1241 1975 1251 1990 ⁶
1269 1974 1393 2006 Esquire,
1428 1973 1526 2005 justice
1559 1973 1588 1999 of
1620 1971 1668 1998 the
1701 1980 1784 2004 peace
1816 1970 1845 1996 in

1195 2010 1429 2042 Worcestershire,
1446 2010 1651 2036 commissioner
1666 2009 1694 2035 of
1709 2017 1775 2041 oyer
1789 2007 1844 2034 and

1195 2049 1333 2080 terminer,
1347 2051 1408 2079 etc,
1424 2048 1512 2079 king's
1525 2050 1655 2079 attorney
1668 2047 1696 2072 in
1709 2046 1845 2078 chancery

1195 2086 1222 2111 in
1239 2088 1305 2112 1439
1321 2086 1390 2117 (Cal.
1406 2086 1464 2111 Pal.
1479 2086 1553 2115 294).

1241 2125 1250 2140 ⁶
1270 2124 1378 2155 Draper
1413 2123 1441 2149 of
1476 2122 1600 2153 London,
1638 2121 1780 2147 alderman
1815 2120 1845 2147 of

1195 2161 1384 2193 Bishopsgate,
1402 2161 1529 2192 1417-22,
1545 2160 1573 2186 of
1587 2158 1743 2190 Walbrook,
1761 2159 1847 2183 1422-

1196 2200 1239 2230 28,
1261 2198 1354 2224 sheriff
1370 2198 1399 2224 of
1419 2198 1503 2224 Herts
1525 2197 1579 2223 and
1602 2197 1694 2228 Essex,
1716 2196 1844 2227 1433-34,
1893 2199 1898 2203 ¹

1197 2236 1252 2262 and
1265 2237 1384 2262 1438—39
1396 2236 1527 2266 (Beaven,
1538 2235 1679 2260 Aldermen
1689 2234 1718 2265 os
1725 2233 1843 2265 London,

1198 2273 1224 2305 ii,
1237 2274 1274 2304 5),
1287 2282 1338 2300 one
1349 2273 1377 2299 of
1389 2272 1435 2298 the
1445 2275 1587 2298 executors
1599 2272 1627 2297 of
1639 2271 1685 2297 the
1695 2271 1749 2296 will
1761 2270 1789 2296 of
1799 2270 1846 2297 the

1197 2311 1252 2336 late
1267 2310 1339 2336 duke
1353 2310 1382 2336 of
1397 2310 1525 2341 Bedford,
1542 2318 1638 2341 mayor
1652 2309 1680 2334 of
1694 2308 1741 2334 the
1756 2307 1846 2339 staple

1197 2348 1253 2374 and
1265 2351 1400 2374 treasurer
1413 2347 1441 2373 of
1453 2347 1553 2379 Calais,
1569 2347 1689 2373 1439—40
1703 2345 1772 2377 (Cal.
1785 2345 1845 2370 Pae.

1198 2386 1292 2416 leons).
1325 2385 1376 2411 His
1389 2385 1442 2411 will
1456 2385 1477 2411 is
1490 2384 1575 2410 dated
1590 2385 1666 2410 1452.
