2112 2901
486 184 533 220 23
766 192 887 218 CASES
914 190 1073 216 BEFORE
1101 190 1181 215 THE
1209 189 1346 214 KING’S
1373 188 1551 214 COUNCIL

551 271 657 310 aliqua
680 281 738 301 sua
759 273 850 309 parte
872 271 1049 307 corruptas,
1072 278 1148 299 vera
1169 267 1257 298 bulla
1277 266 1429 306 plumbea
1450 266 1609 305 pendente
1630 266 1690 297 sub
1712 265 1771 297 filis
1793 266 1833 297 de

551 321 650 352 serico
665 320 841 357 roboratas,
857 322 894 350 ut
908 318 1012 357 prima
1026 317 1106 349 facie
1120 317 1309 356 apparebat,
1324 326 1518 355 presensque
1532 315 1762 354 transcriptum
1777 326 1833 347 seu

551 370 732 409 exemplum
753 379 848 408 super
867 379 915 407 eo,
937 379 1010 399 cum
1031 367 1125 399 dictis
1145 366 1260 398 litteris
1281 366 1466 405 diligentem
1487 365 1607 397 faciens
1627 365 1833 397 collacionem

553 431 625 452 curn
648 420 800 457 Iohanne,
824 418 1041 457 suprascripto
1063 417 1199 455 notario,
1222 416 1358 447 fideliter
1378 415 1536 447 ascultaui
1557 418 1590 446 et
1610 415 1681 454 legi,
1704 418 1737 446 et
1758 415 1835 454 quia

553 474 725 508 utramque
754 469 786 499 in
815 468 964 499 omnibus
994 467 1186 499 concordare
1214 465 1322 497 inueni
1351 465 1552 504 presentibus
1581 475 1632 496 me
1660 464 1833 503 subscripsi

553 520 743 558 signumque
768 529 876 549 meum
889 519 912 536 ²⁸
937 528 1002 548 una
1027 528 1099 548 cum
1125 516 1226 555 sigillo
1251 516 1336 547 dicte
1362 515 1458 546 Curie
1478 514 1665 546 Parisiensis
1686 525 1722 546 ac
1744 514 1834 553 signo

553 569 762 608 suprascripti
789 567 943 599 Iohannis
970 567 1086 599 notarii
1114 566 1249 605 apposui
1276 569 1466 597 consuetum
1493 568 1624 604 rogatus
1650 564 1710 596 sub
1738 575 1833 603 anno,

555 619 744 657 Indictione,
761 629 878 656 mense,
897 617 957 655 die,
975 617 1173 649 Pontificatu
1189 619 1222 647 et
1237 616 1307 647 loco
1323 614 1510 654 predictis.²⁹

548 670 592 700 Et
606 669 768 708 predictus
783 668 943 699 Walterus
958 667 1036 698 dicit
1047 667 1133 706 quod
1146 665 1308 705 predictus
1319 668 1427 696 sextus
1439 665 1517 696 Idus
1529 663 1610 695 Maii
1623 663 1836 695 Pontificatus

493 719 571 751 dicti
584 720 672 758 Pape
683 718 841 750 Bonifacii
855 728 939 749 anno
951 717 1049 749 tercio
1062 717 1125 748 fuit
1136 715 1277 748 decimus
1290 715 1357 746 dies
1370 714 1511 746 eiusdem
1525 714 1642 745 mensis
1655 714 1737 745 Maii
1751 724 1836 745 anno

493 769 598 809 gracie
623 768 887 800 M.(*C.XC.V11
910 771 943 798 et
970 766 1057 805 regni
1082 766 1179 805 Regis
1206 776 1290 797 nunc
1316 767 1412 803 xxvm,
1436 764 1677 803 temporalitate
1701 763 1837 802 predicti

494 819 797 858 Archiepiscopatus
809 821 886 849 tunc
897 817 1053 849 existente
1067 817 1098 847 in
1113 826 1211 847 manu
1225 815 1323 854 ipsius
1334 814 1455 846 domini
1467 814 1572 853 Regis,
1585 813 1725 845 adiciens
1736 813 1838 852 quod-

494 869 771 909 qualitercumque
782 867 927 907 predicta
937 866 1151 898 Thesauraria
1162 865 1288 897 racione
1294 864 1475 896 vacacionis
1486 864 1628 895 eiusdem
1635 874 1692 903 per
1702 863 1838 902 priuaci-

494 930 588 951 onem
603 919 781 957 predictam
796 918 913 949 collata
927 917 1039 948 fuisset
1055 927 1111 955 per
1125 926 1288 947 summum
1304 914 1494 946 Pontificem
1508 913 1634 952 prefato
1650 913 1838 944 Theobaldo

495 969 534 1000 de
552 969 663 1006 Barro,
678 968 727 999 vel
742 967 833 999 alteri
847 967 1046 1005 cuicumque,
1061 966 1119 997 hoc
1134 965 1264 996 domino
1280 964 1360 1003 Regi
1376 964 1426 995 vel
1442 963 1543 995 statui
1558 973 1655 1002 quem
1671 963 1738 1001 ipse
1753 963 1840 994 Wal-

496 1023 583 1050 terus
594 1019 690 1049 modo
701 1018 799 1048 habet
810 1018 842 1048 in
854 1017 965 1048 eadem
973 1015 1187 1047 Thesauraria
1198 1014 1387 1053 preiudicari
1398 1024 1462 1045 non
1473 1013 1579 1051 debet,
1587 1013 1753 1051 presertim
1765 1023 1838 1043 cum

496 1068 626 1100 collacio
643 1068 716 1099 inde
734 1072 811 1099 tunc
828 1066 982 1105 temporis
999 1066 1038 1096 de
1055 1066 1122 1096 iure
1139 1075 1253 1096 corone
1270 1068 1330 1095 etc.
1348 1067 1509 1102 spectaret
1526 1063 1567 1094 ad
1584 1063 1689 1101 ipsum
1707 1063 1838 1101 Regem,

496 1122 529 1150 et
544 1119 610 1156 ipse
627 1119 695 1149 Rex
710 1117 741 1148 in
757 1117 816 1149 hoc
832 1117 981 1155 precipue
996 1119 1192 1154 prerogetur,
1208 1114 1295 1153 quod
1310 1114 1342 1144 in
1357 1113 1541 1144 huiusmodi
1556 1123 1619 1152 que
1634 1116 1783 1151 spectant
1798 1112 1839 1143 ad

496 1169 545 1199 ius
561 1179 654 1199 suum
671 1178 786 1199 corone
801 1170 861 1198 etc.
877 1167 1000 1197 nullum
1016 1166 1164 1196 labitur³⁰
1179 1165 1206 1196 ei
1223 1168 1351 1202 tempus
1366 1174 1423 1195 nec
1439 1163 1504 1194 labi
1520 1163 1616 1194 debet
1631 1166 1703 1200 etc,
1716 1162 1842 1201 quomi-

497 1229 558 1249 nus
575 1218 644 1249 iura
662 1221 734 1255 etc,
753 1221 786 1248 et
803 1217 829 1248 si
847 1217 887 1247 ad
906 1220 1034 1254 tempus
1051 1215 1157 1254 sopita
1175 1214 1294 1246 fuerint
1312 1213 1362 1245 vel
1385 1213 1538 1252 neglecta,
1557 1223 1594 1244 eo
1612 1223 1676 1244 non
1694 1212 1840 1244 consulto

497 1268 571 1299 inde
587 1268 637 1299 vel
653 1278 690 1299 ea
705 1267 888 1298 nullatenus
903 1266 1102 1303 aduertente,
1120 1265 1221 1303 possit
1236 1264 1305 1302 ipsa
1321 1273 1506 1302 recuperare
1521 1266 1553 1294 et
1569 1262 1613 1293 eis
1628 1262 1676 1293 uti
1692 1273 1765 1293 cum
1781 1261 1841 1293 sibi

499 1318 654 1356 placuerit
672 1321 744 1355 etc„
763 1317 894 1355 ipseque
911 1316 1072 1347 Walterus
1089 1315 1192 1353 ipsam
1211 1313 1458 1345 Thesaurariam
1475 1313 1597 1343 habent
1615 1323 1652 1343 ex
1670 1312 1841 1343 collacione

498 1368 597 1406 ipsius
610 1367 705 1406 Regis
718 1378 775 1405 pro
788 1370 931 1405 tempore
944 1376 1008 1404 quo
1021 1366 1059 1396 de
1072 1365 1138 1396 iure
1150 1368 1210 1395 etc.
1224 1363 1394 1403 spectabat
1406 1362 1536 1394 collacio
1548 1362 1589 1393 ad
1602 1362 1707 1401 ipsum
1721 1363 1842 1400 Regem

498 1418 581 1449 sicut
600 1417 744 1456 superius
764 1420 813 1448 est
832 1426 1032 1455 expressum.
1074 1416 1228 1446 Preterea
1247 1424 1311 1452 quo
1332 1413 1372 1444 ad
1388 1413 1448 1444 hoc
1468 1412 1555 1451 quod
1575 1412 1607 1443 in
1624 1411 1842 1450 suprascripta

500 1467 656 1506 peticione
675 1467 858 1498 continetur
877 1466 963 1504 quod
982 1465 1145 1504 predictus
1163 1463 1368 1495 Theobaldus
1386 1463 1425 1494 de
1443 1463 1545 1493 Barro
1563 1462 1741 1501 predictam
1759 1461 1843 1492 The-

499 1517 675 1549 saurariam
690 1527 746 1555 per
760 1516 976 1555 priuacionem
991 1515 1126 1553 predicti
1141 1513 1294 1545 Iohannis
1308 1513 1347 1544 de
1361 1516 1473 1544 sancto
1487 1512 1559 1543 vico
1573 1515 1633 1543 etc.
1650 1511 1792 1550 possedit
1805 1521 1843 1542 ex

500 1567 671 1598 collacione
688 1566 805 1605 prefati
820 1565 938 1597 summi
954 1565 1118 1596 Pontificis
1134 1564 1264 1602 pacifice
1280 1566 1352 1600 etc.y
1369 1562 1448 1594 dicit
1463 1562 1550 1601 quod
1566 1562 1640 1593 licet
1656 1561 1741 1593 idem
1757 1571 1843 1592 sum-

500 1628 571 1648 mus
593 1616 742 1648 Pontifex
763 1626 858 1654 super
879 1615 1067 1646 induccione
1088 1614 1230 1645 eiusdem
1252 1613 1430 1644 Theobaldi
1452 1612 1484 1642 in
1506 1612 1641 1643 eandem
1663 1612 1843 1642 Thesaura-

501 1667 580 1697 riam
606 1670 709 1698 certas
735 1666 922 1704 deputasset
947 1675 1098 1704 personas
1123 1667 1307 1695 executores
1332 1666 1404 1700 etc.,
1430 1662 1554 1701 ipsique
1579 1665 1763 1693 executores
1788 1670 1845 1699 per

501 1716 639 1748 littorias
657 1715 918 1748 comminatorias
934 1715 1143 1746 mandassent
1159 1714 1265 1752 ipsum
1282 1712 1506 1744 Theobaldum
1522 1711 1630 1742 induci
1647 1711 1679 1742 in
1697 1720 1845 1749 corpora-

501 1767 562 1798 lem
580 1766 811 1805 possessionem
828 1765 969 1804 predicte
986 1763 1197 1795 Thesaurarie
1214 1762 1403 1801 possidende
1419 1772 1492 1793 cum
1508 1761 1658 1793 omnibus
1673 1760 1795 1791 iuribus
1811 1762 1845 1791 et

502 1816 706 1855 pertinenciis
728 1815 793 1847 suis
816 1819 888 1853 etc.‚
912 1815 1063 1845 Decanus
1086 1817 1118 1845 et
1142 1813 1330 1851 Capitulum
1354 1811 1496 1850 predicte
1518 1811 1647 1842 ecclesie
1670 1810 1778 1848 Ebor',
1803 1809 1844 1840 ad

502 1876 583 1905 quos
602 1865 749 1896 execucio
768 1865 997 1896 mandatorum
1016 1863 1199 1894 huiusmodi
1219 1862 1412 1901 pertinebat,
1433 1861 1506 1892 licet
1525 1860 1688 1891 mandatis
1707 1860 1846 1898 Aposto-

502 1916 569 1946 licis
591 1915 749 1946 contraire
770 1915 821 1945 vel
843 1914 962 1945 eisdem
985 1914 1129 1944 resistere
1151 1923 1215 1944 non
1237 1912 1403 1949 auderent,
1422 1911 1628 1942 aduertentes
1650 1914 1760 1941 tamen
1783 1909 1847 1940 col-

503 1965 659 1996 lacionern
675 1965 853 2003 predictam
867 1968 900 1995 et
914 1963 1135 1995 induccionem
1150 1963 1236 1993 illam
1251 1962 1318 1993 fore
1331 1962 1364 1992 in
1379 1960 1588 2000 preiudicium
1603 1959 1724 1991 domini
1739 1958 1844 1997 Regis,

503 2026 576 2046 curn
598 2015 727 2046 collacio
748 2014 802 2045 illa
822 2017 882 2045 etc.
904 2017 1066 2052 spectaret
1086 2013 1127 2044 ad
1149 2012 1253 2051 ipsum
1275 2011 1442 2043 dominum
1463 2011 1584 2049 Regem
1605 2009 1731 2041 racione
1751 2019 1847 2040 vaca-

503 2065 602 2096 cionis
618 2068 690 2103 etc.‚
708 2068 785 2095 tunc
802 2064 928 2103 publice
944 2063 1210 2102 protestabantur
1227 2062 1312 2100 ipsos
1328 2061 1360 2092 in
1376 2071 1413 2092 eo
1429 2060 1516 2099 quod
1533 2060 1574 2091 ad
1590 2059 1675 2098 ipsos
1692 2058 1848 2098 pertinuit

504 2125 567 2146 non
581 2115 661 2146 velle
677 2114 867 2153 preiudicari
880 2113 1011 2145 domino
1025 2112 1104 2151 Regi
1120 2113 1152 2143 in
1166 2111 1358 2143 admissione
1373 2111 1472 2149 ipsius
1486 2109 1674 2147 Theobaldi,
1689 2119 1745 2148 per
1760 2108 1847 2147 quod

504 2165 605 2203 liquet
621 2164 727 2203 ipsum
745 2164 969 2195 Theobaldum
986 2163 1109 2194 nullum
1126 2165 1250 2193 statum
1267 2161 1343 2192 iuris
1360 2161 1509 2192 habuisse
1526 2160 1558 2190 in
1575 2159 1687 2191 eadem
1705 2159 1848 2189 Thesau-

505 2215 588 2245 raria
609 2218 681 2252 etc.,
705 2224 800 2252 super
822 2224 887 2253 qua
908 2213 1039 2252 quidem
1062 2211 1297 2251 protestacione
1320 2211 1480 2242 dictorum
1503 2209 1626 2241 Decani
1648 2212 1681 2240 et
1703 2207 1848 2247 Capituli

661 2302 681 2317 ³⁰
698 2301 742 2327 On
757 2300 804 2327 the
819 2300 871 2327 law
885 2300 914 2327 of
928 2300 1003 2333 lapse
1018 2299 1073 2326 and
1088 2298 1230 2331 exception
1243 2298 1272 2324 of
1285 2297 1411 2330 plenarty
1424 2305 1468 2323 see
1481 2296 1587 2323 Introd.
1601 2305 1628 2328 p.
1642 2295 1697 2322 lxv.
