2112 2901
513 160 561 195 84

513 250 546 278 et
569 246 694 277 faciunt
717 249 839 277 sectam
864 244 949 276 curie
972 244 1011 275 de
1034 244 1217 283 septimana
1239 243 1271 274 in
1295 243 1429 275 terciam
1451 243 1678 282 septimanam,
1702 242 1857 275 soluendo

513 296 601 327 dicto
618 295 801 327 vicecomiti
817 294 846 326 16
863 294 979 333 hidage
997 294 1037 326 ad
1052 294 1171 326 festum
1185 293 1296 325 Sancti
1313 293 1451 325 Martini

1423 353 1551 374 summa
1568 342 1598 373 xl
1609 342 1639 373 d.
1654 353 1711 381 per
1724 352 1855 374 annum.

568 396 653 426 Item
674 393 753 426 dicti
774 397 922 426 tenentes
942 393 1083 425 reddunt
1104 392 1287 424 vicecomiti
1307 393 1494 432 supradicto
1514 392 1546 423 in
1567 392 1651 424 festo
1672 391 1782 424 Sancti
1803 392 1858 424 Jo-

513 444 629 476 hannis
646 444 797 483 Baptiste
815 454 873 482 pro
891 443 1036 482 qualibet
1054 443 1207 482 virgata¹¹
1224 446 1307 474 terre
1325 453 1426 473 unum
1442 442 1610 473 denarium

1368 502 1495 523 summa
1508 491 1593 523 xxvii
1605 491 1635 522 d.
1652 502 1709 530 per
1724 502 1856 523 annum.

568 544 652 575 Item
669 543 748 575 dicti
765 547 913 575 tenentes
929 542 1070 574 reddunt
1087 553 1144 581 per
1160 552 1282 573 annum
1298 542 1339 573 ad
1357 542 1511 573 Castrum
1528 541 1568 573 de
1584 542 1783 580 Wyndesore
1799 552 1857 580 pro

512 593 654 633 pasturis
667 594 689 611 ¹²
1182 591 1222 631 xij
1242 591 1272 622 d.
1290 592 1330 623 ad
1347 592 1467 623 festum
1483 591 1637 623 Omnium
1652 592 1855 623 Sanctorum.

568 644 652 675 Item
664 642 806 674 reddunt
818 642 859 673 ad
873 643 1027 674 Castrum
1039 641 1263 681 supradictum
1275 641 1445 673 annuatim
1458 641 1633 680 panagium
1648 643 1667 660 ¹³
1680 641 1857 672 secundum

511 703 682 724 numerum
697 703 868 731 porcorum
884 696 981 730 prout
998 691 1134 731 contigit
1149 702 1207 731 pro
1222 702 1329 730 porco.

566 743 677 774 Abbas
699 746 732 774 et
755 746 934 774 conventus
956 742 995 773 de
1017 741 1201 780 Abyngdon
1223 752 1261 772 ex
1283 741 1369 773 dono
1390 741 1488 780 Regis
1509 740 1665 779 recipient
1686 741 1857 772 annuatim

511 803 570 831 pro
585 792 731 831 qualibet
746 791 874 831 virgata
890 796 974 824 terre
988 801 1046 830 pro
1062 791 1212 823 omnibus
1227 791 1368 823 seruiciis
1384 795 1417 822 et
1433 791 1588 823 custumis
1604 790 1634 830 iij
1650 802 1675 822 s.

795 168 916 194 CASES
943 167 1103 192 BEFORE
1130 167 1210 192 THE
1238 166 1376 192 KING'S
1403 166 1579 192 COUNCIL

566 941 656 973 Ceux
672 944 746 973 sont
761 940 807 973 les
822 945 907 973 tortz
923 951 1098 979 greuancez
1114 944 1147 972 et
1163 940 1367 979 oppressionz
1384 939 1462 971 faitz
1479 951 1498 971 a
1513 939 1558 971 les
1574 950 1708 978 poueres
1723 943 1857 971 tenantz

510 991 551 1022 de
569 991 760 1030 Wyngefeld
779 991 953 1029 regardant
972 990 1001 1021 al
1021 989 1199 1029 seignourie
1217 989 1268 1021 del
1288 989 1432 1021 Chastell
1451 990 1491 1021 de
1509 989 1708 1028 Wyndesore
1726 1000 1765 1021 en
1785 999 1857 1028 par-

510 1040 596 1072 cellz.
640 1040 873 1072 Primerement
894 1039 989 1071 labbe
1010 1040 1208 1079 dabyngdon
1230 1039 1344 1071 claime
1364 1039 1409 1071 les
1430 1039 1496 1071 ditz
1518 1043 1651 1071 tenantz
1673 1050 1724 1071 sez
1746 1039 1856 1077 neifes,

511 1090 564 1122 lou
580 1090 618 1121 ils
635 1090 779 1130 teignent
795 1101 834 1121 en
852 1090 936 1121 chief
950 1089 990 1121 de
1005 1094 1115 1121 nostre
1130 1089 1279 1129 seignour
1294 1089 1323 1120 16
1339 1090 1422 1128 Roy,
1436 1093 1468 1121 et
1485 1100 1540 1121 ceo
1556 1100 1614 1128 par
1630 1089 1807 1121 excitaeion
1824 1092 1858 1120 et

510 1151 635 1179 couyne
651 1139 690 1171 de
706 1141 724 1172 J
728 1140 812 1171 ohan
828 1139 964 1171 Benfeld
980 1143 1014 1171 et
1029 1139 1169 1170 William
1184 1140 1358 1171 Stauerton
1374 1142 1407 1170 et
1423 1142 1531 1170 autres
1547 1150 1596 1171 ses
1612 1138 1797 1176 adherentz‚
1811 1139 1856 1170 les

511 1200 618 1230 queux
636 1194 768 1221 tenantz
786 1190 824 1221 ils
842 1193 960 1221 vexent
977 1193 1010 1221 et
1028 1189 1215 1221 trauaillent
1232 1189 1272 1220 de
1288 1189 1361 1229 jour
1378 1199 1417 1220 en
1436 1193 1538 1227 autre,
1555 1192 1588 1220 et
1605 1189 1650 1220 les
1667 1192 1726 1220 ont
1741 1189 1858 1227 empri-

510 1250 603 1271 sones
624 1250 683 1278 par
703 1239 845 1271 diuersez
867 1239 955 1277 foitz,
978 1243 1011 1270 et
1032 1249 1087 1270 ceo
1108 1250 1166 1278 par
1187 1249 1281 1270 cause
1302 1239 1341 1270 de
1362 1239 1432 1270 lour
1452 1239 1531 1270 faire
1551 1242 1682 1277 granter
1701 1238 1762 1278 qils
1782 1242 1858 1270 sont

510 1289 610 1321 neifes
628 1300 647 1321 a
665 1289 714 1321 dit
732 1289 825 1327 abbe,
844 1289 897 1320 lou
915 1289 953 1320 ils
971 1293 1045 1320 sont
1063 1289 1193 1320 frankes
1211 1292 1244 1320 et
1261 1288 1301 1320 de
1319 1289 1413 1320 frank
1433 1288 1610 1326 condicion,
1631 1299 1720 1320 come
1738 1288 1857 1327 pleine-

509 1343 600 1371 ment
620 1343 735 1378 appert
754 1350 813 1378 par
832 1342 986 1378 enqueste
1004 1339 1089 1378 jadis
1108 1338 1174 1377 pris
1192 1349 1251 1377 par
1270 1342 1383 1370 vertue
1403 1338 1488 1369 dune
1508 1338 1712 1370 commission
1732 1348 1771 1369 en
1792 1338 1857 1370 cele

510 1389 614 1428 partie
632 1389 693 1420 fait
711 1389 882 1428 denquerir
900 1388 951 1419 del
970 1392 1083 1420 tenure
1101 1389 1157 1420 des
1176 1388 1242 1420 ditz
1261 1392 1395 1420 tenantz
1414 1392 1447 1420 et
1465 1388 1521 1419 des
1539 1388 1682 1419 diuersez
1700 1387 1768 1419 seez
1788 1399 1857 1420 cus-

510 1443 618 1470 tumez
635 1443 668 1470 et
684 1438 822 1470 seruicez
840 1449 858 1469 a
874 1442 983 1470 nostre
999 1438 1048 1470 dit
1065 1438 1213 1477 seignour
1228 1438 1257 1469 le
1274 1439 1347 1476 Roy
1363 1438 1541 1469 subtraictz
1558 1448 1597 1468 en
1613 1438 1645 1469 la
1661 1437 1710 1469 dit
1726 1437 1801 1469 ville
1817 1438 1857 1469 de

509 1488 713 1527 Wynkefeld,
737 1492 769 1520 et
792 1488 930 1525 aillours,
954 1488 999 1519 les
1020 1498 1127 1527 queux
1148 1492 1282 1519 tenantz
1304 1488 1413 1519 furent
1435 1492 1546 1519 trouez
1569 1487 1700 1519 frankez
1723 1491 1857 1520 tenantz

509 1542 618 1570 nostre
634 1538 683 1570 dit
698 1537 847 1577 seignour
861 1538 890 1569 16
906 1539 980 1575 Roy
995 1548 1055 1576 par
1069 1548 1190 1569 mesme
1204 1537 1366 1577 lenquest;
1396 1541 1429 1569 et
1445 1537 1516 1576 puis
1532 1548 1591 1576 par
1606 1548 1700 1569 cause
1716 1537 1767 1568 del
1783 1548 1858 1576 pur-

509 1588 639 1620 chasere
653 1588 697 1619 du
713 1588 761 1619 dit
777 1587 981 1619 commission
996 1598 1077 1626 pour
1091 1587 1120 1618 16
1135 1588 1232 1626 profit
1246 1591 1355 1619 nostre
1370 1587 1419 1619 dit
1433 1586 1582 1626 seignour
1595 1587 1624 1618 16
1640 1588 1713 1625 Roy
1728 1587 1774 1618 lez
1789 1587 1856 1619 ditz

509 1638 615 1670 Johan
635 1637 770 1669 Benfeld
790 1641 823 1669 et
842 1637 983 1668 William
1007 1638 1182 1669 Stauerton
1207 1641 1240 1668 et
1259 1641 1367 1669 autres
1386 1637 1426 1668 de
1444 1637 1515 1668 lour
1534 1647 1658 1676 couyne
1682 1637 1779 1668 firent
1803 1647 1858 1668 en-

509 1687 594 1719 diter
614 1687 659 1718 lez
681 1687 748 1719 ditz
770 1691 913 1725 tenantz,
936 1698 995 1726 par
1014 1691 1128 1719 vertue
1149 1687 1189 1718 de
1210 1687 1284 1726 quel
1310 1687 1512 1718 enditement
1539 1686 1677 1718 certeinz
1704 1687 1762 1718 dez
1789 1686 1857 1718 ditz

509 1741 653 1775 tenantz,
680 1737 892 1769 cestassauoir
915 1737 1080 1776 Estephen
1106 1737 1273 1774 Saward‚¹4
1296 1737 1439 1768 Thomas
1463 1737 1633 1768 Somerton
1648 1737 1669 1755 ¹4
1693 1741 1726 1768 et
1749 1737 1856 1768 Johan

509 1788 628 1818 Saman
643 1788 666 1805 ¹⁵
683 1787 792 1818 furent
810 1787 875 1825 pris
892 1791 925 1818 et
942 1797 1089 1818 amesnez
1107 1798 1126 1818 a
1144 1787 1310 1818 Loundres
1329 1790 1362 1818 et
1382 1786 1513 1825 illoeqes
1530 1787 1639 1818 furent
1658 1786 1796 1818 detenuz
1817 1796 1856 1817 en

510 1836 637 1876 prisone
653 1837 692 1867 de
708 1836 798 1868 Flete
813 1847 872 1875 par
887 1836 983 1874 demy
999 1847 1040 1868 an
1056 1840 1089 1868 et
1105 1836 1188 1875 pluis
1203 1847 1242 1867 en
1258 1840 1353 1875 grant
1369 1836 1498 1867 duresse
1513 1835 1660 1867 mischief
1674 1840 1707 1867 et
1722 1835 1855 1874 disease,

509 1897 585 1918 sanz
607 1890 699 1918 autre
721 1896 816 1917 cause
836 1897 878 1917 ou
899 1896 1012 1924 procez
1034 1896 1094 1917 eux
1115 1886 1241 1924 surmis,
1263 1890 1296 1917 et
1317 1885 1389 1924 puis
1410 1885 1480 1917 lour
1500 1885 1701 1917 deliuerance
1721 1885 1796 1917 hors
1817 1886 1858 1917 de

508 1983 544 2000 on
562 1973 605 2000 his
622 1977 703 2000 tourn
721 1982 751 2000 or
767 1973 795 1999 in
812 1973 859 1999 the
873 1973 999 2000 hundred
1016 1977 1103 2006 court,
1119 1973 1157 2006 by

508 2011 557 2038 the
572 2011 695 2043 knight's
712 2011 761 2043 see,
777 2011 825 2036 vill
842 2019 873 2037 or
890 2011 1025 2038 hundred.
1064 2011 1157 2037 Some-

1208 1973 1311 2006 Socz‘ely
1329 1975 1360 1999 in
1379 1974 1418 2000 the
1439 1974 1561 2000 Eleventh
1581 1974 1706 2006 Century,
1719 1982 1767 2006 pp.
1788 1975 1854 2000 150-

1211 2012 1283 2042 152).
1305 2011 1338 2037 In
1350 2020 1366 2037 a
1378 2020 1438 2037 case
1449 2011 1531 2043 being
1541 2011 1612 2037 tried
1623 2011 1651 2037 in
1663 2011 1830 2044 Hampshire
1840 2012 1857 2037 4

509 2049 591 2075 times
602 2049 624 2074 it
635 2057 691 2075 was
702 2049 767 2081 paid
780 2051 809 2075 to
821 2048 868 2074 the
880 2048 940 2074 lord
951 2048 980 2075 of
992 2048 1039 2075 the
1051 2057 1156 2081 manor,

509 2086 570 2112 who
587 2086 676 2112 either
692 2086 817 2112 retained
834 2086 857 2112 it
875 2094 905 2112 or
922 2086 988 2118 paid
1005 2086 1028 2112 it
1045 2095 1112 2112 over
1128 2089 1158 2112 to

509 2124 557 2149 the
575 2123 642 2156 king
663 2123 796 2155 (Neilson,
818 2123 976 2155 Cuslomary
995 2124 1076 2149 Rents
1097 2123 1159 2155 [Ox-

508 2160 570 2187 ford
587 2161 715 2193 StudiesL
736 2161 763 2194 ii,
788 2162 837 2187 115
849 2161 892 2192 f.).
932 2161 965 2186 In
981 2161 1028 2186 the
1048 2164 1159 2193 present

509 2206 572 2224 case
585 2199 607 2224 it
620 2207 676 2224 was
689 2207 705 2224 a
719 2201 878 2230 customary
891 2198 994 2224 annual
1006 2198 1068 2224 due.

554 2237 572 2252 ¹¹
591 2235 651 2261 The
666 2236 773 2268 virgate
788 2244 845 2262 was
859 2235 1017 2262 considered
1033 2235 1081 2262 the
1098 2244 1159 2262 nor-

510 2272 565 2299 mal
592 2273 708 2305 holding
735 2273 764 2299 of
791 2282 808 2299 a
836 2276 963 2305 peasant;
1003 2273 1051 2299 the
1079 2273 1159 2299 usual

508 2311 640 2342 equation
660 2319 716 2336 was
735 2312 751 2336 4
770 2311 891 2342 virgates
910 2313 941 2337 to
961 2310 1010 2336 the
1028 2310 1100 2342 hide,
1121 2311 1159 2337 al-

509 2347 615 2379 though
627 2348 655 2373 in
667 2347 800 2374 localities
811 2348 834 2373 it
847 2347 936 2380 might
947 2356 998 2374 run
1010 2349 1026 2374 S
1038 2348 1159 2380 virgates

510 2387 539 2410 to
549 2384 596 2411 the
606 2385 669 2411 hide
681 2385 880 2417 (Vinogradoff,
893 2385 1051 2417 Villainaqe,
1062 2394 1089 2418 p.
1098 2387 1147 2412 148
1153 2393 1160 2418 ;

1208 2049 1261 2075 Edi
1276 2049 1314 2080 II,
1329 2058 1346 2075 a
1359 2049 1469 2081 bovate,
1485 2048 1548 2075 that
1562 2049 1584 2075 is
1598 2048 1656 2074 half
1669 2049 1698 2075 of
1711 2057 1727 2075 a
1741 2049 1856 2081 virgam,

1209 2094 1265 2112 was
1287 2086 1390 2112 offered
1412 2086 1454 2112 for
1479 2088 1511 2112 16
1533 2095 1617 2118 acres,
1641 2086 1693 2112 but
1715 2086 1764 2112 the
1786 2086 1858 2113 chief

1210 2124 1308 2155 justice
1331 2124 1479 2155 answered,
1505 2124 1614 2150 “Some
1637 2127 1780 2150 carucates
1802 2123 1858 2150 and

1210 2161 1326 2188 bovates
1344 2169 1391 2187 are
1410 2161 1473 2187 held
1492 2160 1535 2187 for
1554 2169 1629 2187 more
1648 2161 1703 2187 and
1721 2169 1797 2188 some
1815 2161 1859 2188 for

1210 2198 1262 2225 less
1291 2207 1367 2225 acres
1378 2199 1392 2209 '¹
1422 2199 1505 2229 (Year
1531 2199 1618 2224 Books
1645 2198 1752 2230 [Selden
1776 2198 1856 2230 Soc-l,

1210 2238 1227 2262 4
1239 2236 1292 2262 Ed.
1306 2236 1344 2268 11,
1358 2236 1415 2267 46).
1446 2236 1512 2262 Also
1523 2244 1616 2268 supra,
1631 2245 1657 2268 p.
1672 2237 1696 2268 1,
1709 2244 1736 2261 n.
1751 2237 1775 2262 4.

1246 2274 1265 2290 ¹²
1282 2273 1372 2299 There
1382 2282 1452 2299 were
1463 2282 1547 2306 many
1558 2273 1687 2299 different
1697 2281 1792 2299 names
1803 2273 1858 2299 and

1211 2310 1305 2337 modes
1320 2311 1349 2337 of
1364 2311 1526 2343 eomputing
1541 2313 1654 2343 pasture
1668 2313 1752 2337 rents.
1784 2309 1858 2337 Neil-

1210 2357 1268 2380 son,
1282 2356 1329 2381 pp.
1344 2349 1378 2374 68
1389 2348 1409 2374 f.

1246 2387 1264 2402 ¹³
1284 2387 1307 2411 A
1330 2385 1384 2412 due
1405 2385 1449 2412 for
1470 2385 1517 2412 the
1539 2385 1690 2418 agistment
1711 2385 1740 2412 of
1765 2385 1858 2418 swine,
