2112 2901
537 181 607 216 126
1082 190 1289 215 APPENDIX
1316 191 1329 216 1

534 271 693 299 Ricardum
712 280 745 299 ex
765 270 858 299 causis
877 270 1021 306 premissis
1040 270 1160 306 obligari
1179 274 1208 299 et
1227 271 1433 306 condempnari
1452 281 1549 300 coram
1566 272 1684 302 Abbate
1702 274 1876 303 Monasterii

534 316 633 345 Sancti
655 316 733 344 Petri
755 316 831 345 infra
853 316 1058 345 Sanctuarium
1080 316 1330 345 Westmonasterii
1352 317 1483 345 London'
1506 318 1633 347 Diosesis
1655 322 1689 348 vt
1709 319 1875 349 huiusmodi

533 362 767 397 prosecucionem
782 361 868 390 modo
883 371 941 397 quo
956 361 1136 397 premittitur
1154 365 1235 391 extra
1252 372 1337 391 suum
1356 372 1475 398 regnum
1489 363 1583 392 facere
1597 363 1723 400 deberet,
1739 365 1875 400 quodque

533 407 628 436 dictus
645 408 790 436 Dominus
806 408 868 436 Rex
885 417 935 443 per
950 407 1062 436 litteras
1078 417 1145 436 suas
1161 408 1191 436 in
1206 407 1372 436 huiusmodi
1389 409 1591 443 prosecucione
1606 410 1661 438 sibi
1676 410 1875 439 assistenciam

532 453 650 488 prebere
663 456 693 481 et
706 462 857 488 nunquam
870 453 945 481 illius
960 453 1137 482 contrarium
1150 453 1244 482 facere
1262 453 1339 482 bona
1352 453 1408 482 fide
1422 457 1451 482 et
1465 454 1494 482 in
1508 455 1597 483 verbo
1611 455 1684 491 regis
1702 456 1875 491 promiserat

533 498 730 527 concludendo
746 508 780 527 ex
799 498 854 527 hiis
869 499 1003 527 omnibus
1024 508 1082 527 non
1101 508 1162 527 esse
1177 499 1330 528 verisimile
1349 502 1401 528 aut
1416 499 1473 528 vllo
1493 500 1580 529 modo
1600 501 1775 530 credendum
1795 501 1873 537 quod

532 544 592 579 ipse
607 544 800 573 injunctiones
814 547 844 573 et
858 544 1060 573 intimaciones
1074 554 1125 580 per
1139 548 1356 580 procuratorem
1371 545 1480 580 regium
1495 546 1549 574 sibi
1563 546 1640 575 facte
1655 556 1707 575 nec
1721 547 1784 582 ipsa
1798 547 1874 576 ordi-

532 590 615 618 nacio
632 590 820 618 parliamenti
836 590 988 626 Anglicani
1004 600 1062 625 qua
1078 590 1132 619 sub
1148 591 1285 626 grauibus
1301 591 1382 626 penis
1398 590 1493 619 dictus
1509 591 1651 620 Ricardus
1667 592 1841 621 admonetur
1856 602 1874 622 a

533 636 652 671 prefatis
673 635 926 671 prosecucionibus
946 636 1094 671 desistere;
1122 636 1313 671 quouismodo
1334 636 1369 665 de
1387 637 1515 665 eiusdem
1532 637 1652 666 Domini
1670 638 1756 673 Regis
1776 641 1874 667 mente

532 681 710 717 processerit,
722 685 862 717 reputans
874 682 1002 717 prefatos
1013 682 1193 710 Mercatores
1204 682 1253 717 qui
1264 682 1336 711 tales
1347 682 1458 710 litteras
1469 692 1486 711 a
1498 683 1624 711 Domino
1636 683 1714 719 Rege
1725 693 1874 713 emanasse

531 727 704 756 confirmant
724 727 754 755 in
774 727 933 756 maximum
952 727 1122 756 scandalum
1142 727 1320 763 vituperium
1339 731 1369 756 et
1389 728 1586 757 confusionem
1607 729 1734 758 eiusdem
1755 729 1876 758 Domini

531 773 618 808 Regis
638 773 709 801 talia
729 773 920 809 promulgare,
941 773 1078 808 quodque
1098 773 1135 801 ob
1155 783 1220 802 eam
1239 783 1299 802 rem
1320 783 1371 809 per
1389 774 1514 802 cundem
1534 774 1694 803 Dominum
1715 775 1824 810 Regem
1844 778 1874 804 et

530 828 615 848 suum
630 829 767 854 magnum
782 819 943 848 Consilium
957 819 1096 848 deberent
1109 819 1232 848 acerime
1245 820 1341 855 puniri
1353 820 1383 848 in
1396 820 1560 855 exemplum
1573 821 1704 849 aliorum.
1737 821 1782 850 Ad
1796 821 1874 850 hunc

531 865 685 893 articulum
699 865 766 893 licet
780 864 968 893 consideratis
982 865 1126 900 premissis
1140 875 1198 893 non
1211 865 1249 893 sit
1262 875 1335 900 opus
1349 865 1520 901 respondere
1534 875 1600 894 cum
1613 866 1651 894 ad
1664 876 1764 895 omnes
1778 870 1876 902 partes

530 910 658 939 eiusdem
673 920 729 945 que
744 910 868 939 maxime
883 920 982 945 vrgere
997 910 1114 939 xddetur
1127 910 1167 938 sic
1181 911 1321 946 implicite
1335 920 1423 946 supra
1437 911 1509 939 satis
1523 921 1694 947 responsum
1708 915 1828 947 excepto
1843 922 1877 941 eo

530 956 608 991 quod
628 956 686 984 iam
705 956 880 991 supponitur
900 956 1080 984 Mercatores
1100 955 1245 991 predictos
1264 956 1429 984 diffamasse
1449 957 1610 985 Dominum
1630 957 1740 992 Regem
1759 957 1795 986 de
1814 967 1878 993 per-

530 1001 695 1036 petracione
707 1001 791 1037 spolii
804 1001 954 1030 antedicti.
983 1001 1029 1029 Ad
1043 1001 1272 1030 conuincendam
1285 1004 1384 1030 tamen
1396 1002 1426 1030 in
1439 1005 1503 1030 toto
1516 1002 1662 1031 maliciam
1674 1006 1704 1031 et
1716 1003 1876 1032 falsitatem

529 1047 600 1075 dicti
616 1047 733 1075 Ricardi
747 1047 782 1075 de
797 1047 878 1075 cuius
891 1047 1076 1082 impudencia
1092 1056 1180 1082 quam
1194 1047 1352 1083 plurimum
1366 1047 1531 1076 mirandum
1547 1051 1591 1077 est
1607 1048 1686 1083 quod
1701 1048 1876 1084 Supremum

529 1093 655 1121 Ecclesie
671 1093 810 1121 verticem
827 1093 886 1122 suis
905 1093 1016 1121 ficticiis
1034 1093 1223 1128 supplantare
1239 1103 1298 1122 non
1313 1097 1430 1122 veretur
1445 1103 1504 1122 non
1520 1093 1615 1122 minus
1631 1104 1721 1129 quam
1737 1095 1830 1130 Reges
1846 1098 1876 1124 et

530 1142 639 1167 ceteros
656 1139 803 1174 Principes
815 1139 957 1167 seculares
969 1139 1028 1167 suis
1042 1139 1179 1168 versuciis
1191 1142 1221 1167 et
1234 1139 1368 1167 coloratis
1381 1139 1640 1168 adinuencionibus
1653 1140 1795 1169 hactenus
1807 1150 1876 1176 sup-

529 1184 675 1220 plantauit
687 1184 734 1219 [et]
751 1184 874 1220 decepit,
888 1185 984 1213 w'sum
997 1188 1041 1213 est
1055 1184 1153 1213 omnia
1169 1187 1199 1213 et
1213 1184 1326 1220 singula
1340 1185 1471 1213 membra
1485 1185 1556 1214 dicti
1578 1186 1693 1214 articuli
1707 1186 1875 1221 responsiue

528 1233 657 1265 repetere
672 1230 770 1259 taliter
783 1230 862 1265 quod
877 1230 934 1259 toti
948 1230 1057 1258 mundo
1071 1230 1225 1266 apparebit
1239 1230 1366 1266 singulas
1380 1230 1492 1259 litteras
1507 1240 1563 1266 que
1577 1241 1595 1260 a
1609 1231 1737 1260 Domino
1752 1232 1830 1267 Rege
1844 1232 1874 1260 in

529 1276 673 1312 premissis
693 1279 867 1304 emanarunt
886 1276 922 1304 de
941 1286 993 1304 sua
1013 1279 1093 1305 recta
1112 1279 1141 1304 et
1160 1276 1271 1304 sincera
1290 1276 1469 1305 consciencia
1488 1277 1658 1312 processisse
1677 1286 1711 1305 ac
1731 1277 1874 1313 prioribus

526 1321 632 1350 litteris
647 1321 824 1356 surrepticiis
840 1331 898 1350 non
914 1321 1101 1350 obstantibus
1117 1321 1153 1350 de
1168 1321 1229 1350 iure
1245 1321 1398 1357 procedere
1414 1321 1547 1350 debuisse
1563 1332 1629 1351 cum
1645 1323 1814 1358 integritate
1828 1323 1874 1351 sui

527 1367 595 1402 regij
617 1367 741 1395 nominis
760 1370 850 1402 atque
868 1367 954 1396 fame.
993 1367 1144 1402 Quantum
1163 1370 1263 1396 autem
1281 1367 1319 1396 ad
1337 1368 1447 1396 famam
1466 1367 1545 1396 illam
1563 1368 1671 1396 attinet
1690 1378 1779 1403 quam
1797 1368 1874 1397 sicut

527 1413 623 1442 dictus
634 1413 777 1441 Ricardus
787 1413 889 1441 asserit
901 1413 1080 1441 Mercatores
1091 1413 1211 1448 Stapule
1221 1413 1394 1449 sparsissent
1404 1413 1543 1442 aduersus
1554 1414 1700 1449 prefatum
1712 1415 1873 1443 Dominum

528 1459 636 1494 Regem
649 1459 749 1487 videat
761 1459 823 1494 ipse
835 1459 978 1487 Ricardus
991 1469 1028 1487 an
1041 1459 1101 1494 ipse
1114 1462 1143 1487 et
1157 1459 1310 1494 complices
1322 1459 1366 1487 sui
1379 1462 1412 1487 vt
1425 1459 1518 1488 dictos
1531 1460 1710 1488 Mercatores
1723 1460 1830 1489 inuisos
1843 1464 1873 1490 et

526 1505 647 1533 odibiles
662 1504 756 1533 eidem
772 1504 900 1533 Domino
916 1504 988 1539 Regi
1004 1504 1157 1533 redderent
1173 1505 1244 1533 talia
1259 1504 1295 1533 de
1310 1505 1418 1533 eisdem
1435 1505 1650 1534 Mercatoribus
1665 1505 1774 1541 ubique
1788 1506 1873 1535 semi-

526 1554 646 1585 narunt;
667 1560 769 1579 verum
789 1553 833 1579 est
854 1550 932 1585 quod
953 1553 1020 1586 post
1034 1550 1170 1578 vltimum
1189 1550 1347 1579 discessum
1365 1550 1470 1586 prefati
1491 1551 1609 1579 Ricardi
1631 1561 1649 1580 a
1668 1561 1755 1587 regno
1769 1552 1872 1587 Anglie

526 1596 629 1625 datum
648 1599 692 1624 est
710 1596 795 1624 dictis
816 1596 1031 1624 Mercatoribus
1051 1596 1171 1631 intelligi
1192 1596 1229 1625 ad
1250 1596 1407 1625 maximam
1427 1606 1527 1625 eorum
1549 1597 1701 1626 tristiciam
1722 1597 1800 1632 quod
1822 1607 1873 1633 per

526 1642 637 1670 sactum
650 1642 779 1670 eiusdem
792 1641 910 1670 Ricardi
923 1645 953 1670 et
965 1652 1015 1677 per
1027 1641 1164 1670 subdolas
1176 1645 1266 1677 atque
1277 1645 1402 1671 secretas
1414 1642 1612 1677 suggestiones
1624 1643 1714 1678 ipsius
1727 1643 1872 1672 Dominus

526 1688 588 1716 Rex
604 1687 733 1716 habebat
748 1688 826 1723 ipsos
842 1688 1022 1716 Mercatores
1038 1687 1074 1716 de
1090 1688 1142 1716 tali
1157 1688 1279 1717 infamia
1295 1688 1452 1723 plurimum
1468 1691 1627 1724 suspectos,
1645 1692 1674 1717 et
1690 1689 1769 1724 quod
1785 1699 1819 1718 ea
1835 1689 1871 1718 de

526 1743 613 1762 causa
624 1743 677 1762 sua
688 1734 827 1762 serenitas
840 1743 989 1762 assensum
1003 1733 1159 1769 prebuerat
1172 1733 1265 1762 eidem
1279 1734 1405 1762 Ricardo
1417 1737 1451 1762 vt
1464 1734 1494 1762 in
1507 1734 1703 1763 Parliamento
1718 1735 1871 1764 Parisiensi

525 1789 643 1808 causam
657 1789 740 1808 suam
756 1789 845 1814 quam
864 1779 980 1808 dicebat
995 1782 1066 1808 tunc
1080 1779 1176 1808 adhuc
1189 1779 1229 1807 ibi
1249 1779 1373 1815 pendere
1387 1779 1545 1808 indecisam
1564 1784 1786 1815 prosequeretur
1799 1781 1871 1809 obli-

525 1835 596 1861 gans
614 1825 739 1854 eundem
764 1825 922 1853 Ricardum
941 1834 1038 1853 coram
1062 1825 1140 1854 dicto
1153 1825 1270 1853 Abbate
1283 1829 1317 1853 vt
1335 1825 1478 1860 prefertur
1494 1829 1529 1854 vt
1547 1835 1664 1854 causam
1687 1826 1781 1861 ipsam
1798 1826 1870 1855 inibi

525 1871 659 1906 prosequi
674 1881 731 1899 non
745 1870 897 1899 desisteret
910 1871 1084 1906 promittens
1098 1870 1191 1899 eidem
1205 1870 1330 1899 Ricardo
1344 1871 1543 1899 assistenciam
1555 1871 1585 1899 in
1599 1871 1677 1900 facto
1691 1872 1870 1907 prosecucio-

525 1917 569 1945 nis
582 1916 749 1945 huiusmodi
762 1916 799 1944 ad
812 1916 900 1944 finem
913 1919 947 1944 vt
960 1926 993 1944 eo
1006 1916 1093 1944 modo
1106 1916 1221 1944 malicia
1233 1916 1378 1944 dictorum
1392 1916 1591 1945 Mercatorum
1604 1917 1655 1952 qui
1667 1926 1752 1946 suum
1766 1917 1870 1953 princi-

525 1971 591 1997 pem
609 1962 760 1990 diffamare
778 1965 916 1990 verentur
933 1961 1035 1990 fuisset
1053 1961 1082 1989 in
1101 1961 1180 1990 curia
1198 1961 1355 1997 aduersarij
1375 1961 1502 1990 seuerius
1519 1962 1677 1997 vindicata,
1696 1963 1751 1998 ipsi
1768 1967 1869 1992 autem

525 2008 704 2036 Mercatores
714 2007 764 2042 qui
773 2016 803 2036 se
814 2016 847 2036 ex
858 2007 1002 2042 premissis
1012 2007 1091 2043 apud
1102 2007 1286 2036 maiestatem
1295 2007 1403 2043 regiam
1413 2007 1633 2036 intolerabiliter
1643 2009 1717 2037 lesos
1727 2009 1868 2038 videbant

523 2063 582 2082 non
603 2053 778 2082 destiterunt
799 2052 892 2081 modis
913 2052 1048 2081 omnibus
1068 2053 1177 2081 instare
1197 2053 1324 2089 primum
1345 2052 1424 2088 apud
1445 2052 1607 2082 Consilium
1629 2054 1757 2083 Domino
1779 2054 1867 2090 Regis

523 2102 670 2135 postremo
691 2098 870 2134 congregatis
890 2098 1022 2127 statibus
1041 2098 1121 2134 regni
1141 2108 1228 2134 penes
1247 2098 1343 2134 ipsum
1363 2099 1593 2128 Parliamentum
1613 2102 1648 2128 vt
1667 2099 1867 2129 innocenciam

523 2154 606 2173 suam
616 2154 702 2180 super
711 2144 856 2180 premissis
865 2144 1051 2173 ostendentes
1061 2154 1091 2173 se
1101 2144 1178 2180 ipsos
1187 2144 1223 2173 de
1233 2147 1318 2173 tanta
1328 2144 1483 2179 iniquitate
1493 2148 1523 2173 et
1532 2145 1654 2174 infamia
1664 2148 1865 2181 expurgarent.

523 2190 608 2225 Quod
623 2194 652 2219 et
666 2191 778 2219 factum
793 2193 837 2219 est
852 2193 881 2218 et
896 2190 1019 2225 desuper
1033 2190 1146 2225 prefato
1162 2190 1289 2218 Domino
1304 2190 1377 2225 Regi
1392 2190 1547 2219 clarissime
1562 2193 1711 2219 ostensum
1726 2201 1760 2220 ex
1775 2191 1867 2220 falsis-

522 2236 602 2264 simis
616 2235 847 2272 suggestionibus
865 2235 993 2264 eiusdem
1012 2235 1129 2264 Ricardi
1145 2245 1204 2264 non
1218 2236 1316 2271 palam
1330 2239 1375 2264 set
1389 2236 1519 2264 clanculo
1534 2235 1564 2264 in
1578 2236 1691 2272 angulis
1705 2237 1863 2273 sanctuarij

522 2282 608 2310 factis
619 2281 715 2310 insciis
726 2285 815 2317 atque
826 2281 944 2310 semotis
956 2281 1136 2310 Conciliariis
1148 2281 1268 2310 Domini
1279 2281 1366 2317 Regis
1377 2281 1562 2310 maiestatem
1572 2292 1657 2311 suam
1669 2292 1719 2318 per
1730 2292 1867 2318 preoccu-

522 2327 672 2363 pacionem
697 2330 728 2356 et
752 2327 1030 2356 circumuencionem
1054 2327 1084 2355 in
1109 2326 1292 2356 concedendo
1316 2327 1429 2355 litteras
1453 2330 1483 2356 et
1507 2327 1658 2357 licenciam
1681 2328 1865 2364 supradictas

521 2373 609 2401 fuisse
621 2373 773 2409 deceptam
788 2372 924 2408 quodque
935 2373 994 2401 iam
1006 2372 1086 2401 dicta
1097 2372 1280 2408 surrepcione
1291 2375 1322 2401 et
1333 2373 1462 2401 falsitate
1479 2373 1646 2402 huiusmodi
1657 2373 1713 2402 nisi
1724 2374 1864 2403 serenitas

521 2428 574 2447 sua
591 2419 685 2447 dictas
701 2419 813 2447 litteras
830 2421 860 2447 et
876 2418 1025 2448 licenciam
1043 2418 1248 2454 prefatumque
1265 2418 1424 2447 Ricardum
1441 2418 1479 2447 ad
1496 2419 1728 2454 prosequendam
1745 2429 1864 2449 causam
