2112 2901
414 950 493 981 1354

520 191 567 228 37

520 280 553 310 in
573 280 684 311 eadem
705 279 936 311 ccrtificacione
956 282 1105 318 pretensa
1123 279 1211 310 facta
1230 282 1263 310 et
1282 278 1391 310 omnia
1410 278 1442 309 in
1462 289 1500 310 ea
1519 282 1672 310 contenta
1691 289 1748 317 pro
1768 279 1864 310 nullis

520 329 711 367 habeantur,
727 333 760 360 et
774 329 861 368 quod
877 329 1021 367 predicta
1035 329 1129 360 feoda
1143 332 1176 360 et
1191 328 1421 359 aduocaciones
1436 328 1468 358 in
1483 338 1582 359 manu
1597 328 1717 359 domini
1732 329 1828 367 Regis
1843 338 1862 359 a

521 383 665 417 tempore
690 379 803 410 mortis
828 379 970 417 predicte
995 379 1064 410 Eue
1089 388 1214 416 semper
1238 381 1461 409 remanserunt
1486 381 1519 409 et
1543 388 1707 409 remanere
1732 378 1862 416 debent,

521 439 689 467 quousque
709 429 843 467 particio
863 428 937 459 inde
957 428 1040 459 inter
1060 428 1232 467 participes
1251 427 1440 459 hereditatis
1460 427 1602 466 predicte
1621 427 1654 458 in
1675 427 1864 459 cancellaria

521 479 665 517 predicta
680 478 747 516 fiat,
763 482 795 509 et
810 479 896 517 quod
912 478 1075 516 predictus
1089 478 1275 516 Willehnus,
1291 477 1346 516 qui
1361 488 1380 508 a
1395 477 1482 508 curia
1496 477 1563 508 sine
1577 477 1709 508 licencia
1723 477 1861 515 recessit,

521 539 578 567 pro
596 528 738 559 falsitate
756 528 900 566 predicta
917 528 1064 566 capiatur
1070 539 1076 566 ;
1106 538 1162 566 per
1179 528 1266 566 quod
1284 527 1464 558 commissio
1482 527 1571 558 facta
1587 530 1636 558 est
1653 527 1777 558 Thome
1794 530 1864 558 atte

521 579 631 616 Ferye,
648 578 799 609 seruienti
815 578 936 609 domini
952 578 1048 617 Regis
1063 578 1104 609 ad
1120 588 1219 615 arma,
1236 578 1278 608 ad
1293 578 1398 615 ipsum
1414 577 1608 608 Willehnum
1624 577 1816 615 capiendum
1831 579 1864 608 et

521 638 622 667 usque
638 628 766 658 Turrim
784 628 928 659 London'
947 628 1130 659 ducendum
1146 627 1265 658 ibidem
1282 627 1314 658 in
1333 627 1461 665 prisona
1476 630 1678 657 moraturum
1696 637 1864 665 quousque

521 678 590 709 Rex
608 678 700 709 aliter
718 678 916 709 ordinauerit
934 678 973 709 de
991 678 1113 716 eodem,
1133 680 1166 709 et
1185 678 1376 708 amerciatus
1395 681 1443 708 est
1462 677 1502 707 ad
1522 680 1652 708 centum
1671 677 1788 708 solidos
1807 686 1865 715 pro

521 728 603 759 falsa
618 727 850 758 certificacione
865 727 1046 767 p1·edicta.¹4

801 202 922 227 CASES
948 201 1108 227 BEFORE
1135 201 1215 226 THE
1243 201 1381 226 KING’S
1408 201 1584 227 COUNCIL

692 841 777 869 REX
799 849 820 868 v.
845 841 1027 868 WILLIAM
1052 840 1244 869 ROUCEBY
1267 840 1354 868 AND
1377 839 1483 868 JOHN
1506 839 1669 867 AVENEL
1683 840 1691 856 ¹

521 886 549 916 A

562 944 813 975 Memorandum
830 943 916 982 quod
932 943 1109 974 Willehnus
1124 943 1164 974 de
1180 943 1335 981 Rouceby
1355 943 1394 973 de
1414 942 1565 980 capcione
1585 941 1752 973 cuiusdam
1772 941 1865 972 nauis

521 997 636 1025 vocate
658 994 689 1024 la
713 993 821 1024 Seinte
844 993 949 1024 Marie
975 993 1014 1023 de
1039 992 1208 1024 Coronade
1233 993 1272 1023 de
1298 993 1401 1023 Ianua
1425 995 1458 1022 et
1481 991 1684 1030 quorundam
1708 991 1865 1022 bonorum

521 1047 554 1075 et
570 1043 759 1074 catallorum
775 1043 808 1073 in
824 1043 936 1074 eadem
953 1053 1035 1074 naue
1051 1043 1257 1074 inuentorum
1274 1042 1314 1073 ad
1331 1045 1453 1073 sectam
1469 1041 1602 1072 Antonii
1619 1041 1867 1079 Co1npaignon,²

521 1093 707 1124 mercatoris
727 1093 766 1123 de
787 1093 914 1130 Ianua‚³
933 1092 1101 1131 impetitus
1121 1092 1211 1123 venit
1230 1092 1263 1122 in
1284 1091 1516 1123 Cancellariam
1538 1091 1633 1129 Regis
1654 1091 1740 1129 apud
1761 1091 1865 1122 West-

521 1143 752 1174 monasterium
776 1146 809 1173 et
833 1142 912 1174 dicit
935 1142 1022 1181 quod
1047 1142 1139 1173 nauis
1163 1142 1307 1180 predicta
1331 1141 1421 1172 venit
1444 1141 1477 1172 in
1501 1141 1529 1172 16
1553 1141 1659 1171 Trade
1683 1140 1722 1171 de
1746 1140 1866 1172 Sancto

521 1193 674 1224 Mattheo
697 1193 729 1223 111
751 1192 922 1223 Britannia
943 1196 976 1223 et
997 1192 1117 1223 ibidem
1138 1202 1262 1223 moram
1284 1191 1361 1222 fecit
1384 1201 1438 1229 per
1461 1194 1525 1222 tres
1547 1191 1651 1221 fluxus
1673 1194 1705 1221 et
1728 1191 1866 1221 refluxus

521 1243 627 1281 maris,
647 1246 680 1274 et
697 1242 861 1273 marinarii
883 1242 974 1273 nauis
997 1242 1148 1280 predicte,
1168 1252 1232 1273 non
1250 1241 1362 1272 solutis
1381 1241 1536 1271 custumis
1554 1240 1593 1271 de
1610 1239 1817 1271 mercandisis
1832 1240 1865 1270 in

521 1293 634 1324 eadem
648 1292 724 1323 naui
739 1292 950 1323 existentibus
965 1292 997 1322 in
1012 1296 1107 1330 portu
1122 1292 1267 1330 predicto
1282 1291 1412 1322 domino
1427 1290 1507 1329 Regi
1520 1290 1634 1329 Anglie
1648 1289 1775 1328 debitiS,
1791 1300 1865 1321 cum

521 1343 633 1374 eadem
649 1353 732 1373 naue
748 1345 917 1373 noctanter
932 1345 1139 1379 recesserunt,
1157 1352 1212 1380 per
1227 1341 1314 1380 quod
1329 1340 1415 1371 idem
1430 1340 1607 1371 Willehnus
1623 1343 1660 1370 ut
1675 1349 1758 1370 unus
1773 1339 1866 1370 fami-

520 1392 635 1423 liarum
651 1391 804 1423 Iohannis
818 1392 950 1428 Auenel,
967 1391 1138 1430 Capitanei
1153 1394 1186 1422 et
1200 1392 1322 1422 Locum
1337 1390 1477 1422 tenentis
1492 1389 1570 1421 dicti
1585 1389 1707 1420 domini
1722 1389 1818 1428 Regis
1833 1389 1865 1419 in

521 1442 642 1473 ducatu
664 1441 855 1480 Britanniest
877 1452 994 1472 nauem
1016 1441 1195 1480 predictam
1217 1441 1256 1472 de
1278 1444 1429 1479 precepto
1451 1440 1575 1471 Thome
1598 1439 1637 1470 de
1660 1439 1862 1477 Lyndelowe‚

521 1492 679 1523 admiralli
704 1491 782 1522 dicti
806 1491 963 1523 ,Iohannis
992 1491 1114 1522 Auenel
1143 1491 1176 1521 in
1206 1491 1327 1521 ducatu
1358 1489 1511 1528 predicto,
1538 1489 1701 1520 insecutus
1731 1488 1866 1520 eandem

521 1552 637 1573 nauem
658 1552 722 1572 una
741 1552 814 1572 cum
833 1541 1040 1572 mercandisis
1059 1540 1210 1580 predictis
1230 1544 1387 1579 tanquam
1407 1539 1494 1570 dicto
1514 1539 1694 1577 Capitaneo
1713 1549 1751 1570 ex
1769 1548 1866 1570 causa

521 1592 666 1630 predicta
681 1591 772 1623 iuxta
789 1591 1054 1622 consuetudinem
1071 1590 1215 1630 parcium
1231 1590 1357 1621 illarum
1374 1589 1540 1621 forisfacta
1556 1588 1643 1627 cepit
1663 1588 1754 1620 iuxta
1773 1588 1866 1619 Insu-

520 1642 585 1673 lam
599 1642 638 1673 de
650 1641 740 1679 Sully
753 1641 786 1672 in
799 1641 974 1679 Cornubia‚
988 1644 1021 1672 et
1034 1641 1073 1672 de
1086 1640 1204 1672 eisdem
1218 1640 1362 1679 predicto
1376 1638 1513 1671 Iohanni
1525 1638 1650 1670 Auenal
1663 1637 1868 1677 computauit

520 1695 553 1723 et
573 1691 633 1722 sibi
654 1691 693 1722 (16
713 1691 832 1722 615(16111
853 1691 1027 1729 respondit,
1049 1700 1105 1729 per
1125 1690 1212 1729 quod
1232 1700 1296 1721 non
1317 1689 1457 1721 intendit
1477 1689 1564 1727 quod
1585 1688 1626 1719 ad
1646 1691 1768 1719 sectam
1789 1687 1866 1719 dicti

521 1741 654 1772 Antonii
672 1741 712 1772 de
729 1741 881 1779 capcione
903 1740 996 1772 nauis
1017 1744 1050 1772 et
1072 1740 1230 1772 bonorum
1248 1743 1281 1771 et
1299 1739 1489 1770 catallorum
1512 1738 1730 1777 predictorum
1748 1737 1866 1769 debeat

521 1790 687 1830 11111161111.5
722 1791 767 1822 Et
782 1801 877 1829 super
892 1791 952 1822 hoc
968 1790 1161 1821 mandatum
1177 1792 1227 1821 est
1242 1789 1386 1828 predicto
1404 1788 1541 1820 Iohanni
1557 1788 1596 1819 de
1612 1787 1744 1819 essendo
1759 1796 1867 1818 coram

566 1870 585 1886 ¹⁴¹
603 1869 662 1895 The
672 1869 791 1901 serjeant
801 1872 830 1894 at
839 1878 912 1894 arms
921 1877 975 1894 was
987 1868 1169 1894 commanded

520 1906 626 1933 further
643 1910 672 1932 to
690 1907 754 1932 take
770 1906 805 1932 all
822 1906 869 1932 the
885 1906 964 1932 Iands
980 1906 1035 1932 and
1052 1905 1169 1931 chattels

521 1944 549 1970 of
569 1944 726 1970 Middleton
746 1944 774 1969 in
794 1944 891 1975 charge
913 1944 981 1974 (Cal.
1003 1944 1042 1969 Cl.
1063 1944 1097 1969 28
1116 1943 1168 1968 Ed.

521 1982 574 2014 III,
590 1982 625 2012 1).
656 1982 693 2007 At
705 1981 752 2007 the
763 1990 838 2007 same
849 1981 915 2007 time
927 1981 961 2006 he
972 1989 1027 2006 was
1038 1980 1169 2013 deprived

522 2019 550 2045 of
572 2019 648 2045 office
670 2027 700 2044 as
722 2018 814 2044 sheriff
836 2019 891 2044 and
913 2018 1061 2044 escheator.
1102 2018 1169 2043 This

523 2056 667 2089 happened
685 2056 848 2088 apparently
867 2059 896 2082 at
915 2056 961 2081 the
979 2055 1032 2081 end
1050 2055 1078 2081 of
1095 2056 1168 2088 July,

522 2094 565 2120 for
584 2093 631 2120 the
650 2097 714 2119 next
733 2093 825 2119 sheriff
843 2094 931 2125 began
950 2093 991 2119 his
1011 2096 1080 2119 term
1099 2102 1134 2119 011
1156 2095 1167 2118 1

524 2132 640 2164 August.
675 2131 855 2157 Middleton’s
868 2131 946 2157 lands
959 2139 1027 2157 were
1039 2130 1168 2162 restored,

523 2169 699 2202 presumably
705 2169 733 2194 as
735 2172 776 2194 ter
783 2169 836 2194 fine
843 2177 898 2194 was
908 2168 995 2200 made,
1003 2168 1040 2200 by
1047 2177 1083 2194 an
1092 2168 1171 2194 order

524 2207 552 2233 of
569 2208 603 2233 30
620 2207 681 2232 Jan.
702 2208 777 2238 1354,
796 2206 846 2232 but
864 2206 898 2231 he
915 2214 970 2231 was
991 2214 1073 2232 never
1090 2205 1170 2237 given

523 2244 600 2270 office
608 2252 637 2269 or
647 2244 820 2269 commission
829 2243 916 2269 under
926 2243 972 2269 the
982 2252 1071 2269 crown
1081 2243 1169 2275 again.

524 2282 568 2307 He
590 2281 728 2307 increased
753 2281 794 2307 his
819 2281 897 2307 lands
919 2281 1043 2307 however
1064 2280 1119 2306 and
1142 2280 1170 2306 in

526 2320 592 2345 1362
608 2327 663 2344 was
682 2318 803 2344 member
821 2318 849 2344 of
867 2319 1031 2350 parliament
1049 2318 1091 2343 for
1109 2318 1171 2343 Suf-

524 2356 581 2382 folk
591 2356 714 2386 (Rcturns
725 2357 754 2388 os
761 2356 900 2388 Members,
911 2355 927 2388 i,
940 2356 1010 2387 171).
1034 2356 1072 2381 As
1083 2358 1112 2381 to
1124 2355 1171 2381 the

524 2393 636 2425 bearing
648 2393 676 2419 of
690 2393 736 2419 the
750 2401 811 2419 case
823 2393 929 2419 further
942 2402 977 2419 on
991 2393 1038 2419 the
1053 2392 1130 2419 office
1143 2392 1171 2418 of

524 2430 672 2463 escheator,
687 2439 731 2456 see
745 2431 851 2456 Introd.
866 2439 891 2463 p¹
908 2430 970 2456 lxxi.

1264 1869 1272 1884 ¹
1292 1867 1389 1893 Found
1407 1867 1435 1892 in
1454 1867 1665 1897 Parliamenlary
1682 1866 1736 1891 and
1755 1865 1867 1891 Councz'l

1221 1905 1390 1936 Proceedz‘nqs
1421 1904 1597 1936 (Chancery),
1626 1904 1670 1929 file
1697 1904 1738 1935 47,
1768 1911 1812 1928 no.
1841 1903 1865 1928 2.

1220 1942 1279 1968 The
1298 1942 1392 1968 record
1413 1941 1527 1968 consists
1547 1941 1575 1967 of
1594 1942 1610 1967 3
1631 1941 1811 1972 membranes,
1833 1940 1865 1972 A,

1221 1980 1267 2006 the
1284 1979 1500 2011 memorandum,
1519 1979 1551 2010 B,
1570 1978 1617 2004 the
1633 1978 1694 2004 writ
1711 1978 1739 2004 of
1756 1977 1868 2010 inquisi-

1221 2018 1286 2049 tion,
1303 2017 1334 2049 C,
1351 2017 1397 2043 the
1411 2016 1598 2042 certification.

1265 2056 1274 2071 2
1292 2055 1351 2080 The
1376 2054 1493 2087 petition
1517 2053 1546 2079 of
1571 2053 1703 2084 Anthony
1728 2060 1783 2078 was
1808 2060 1867 2084 pre-

1221 2092 1316 2118 sented
1342 2095 1372 2118 at
1398 2100 1473 2117 some
1498 2090 1565 2117 time
1591 2091 1713 2116 between
1739 2091 1773 2116 27
1800 2090 1867 2115 Dec.

1223 2131 1297 2161 1353,
1312 2129 1360 2155 the
1373 2129 1440 2155 time
1453 2129 1481 2155 of
1494 2128 1541 2154 the
1555 2131 1675 2160 capture,
1690 2127 1745 2153 and
1758 2128 1791 2152 22
1805 2127 1866 2153 Jan.

1224 2169 1297 2199 1354,
1316 2167 1363 2193 the
1380 2167 1444 2192 date
1461 2166 1489 2192 of
1506 2175 1522 2192 a
1539 2165 1599 2192 writ
1615 2165 1657 2191 for
1675 2165 1721 2190 the
1738 2167 1823 2190 arrest
1840 2164 1868 2190 οἱ

1222 2204 1269 2230 the
1283 2207 1399 2237 captors.
1433 2204 1489 2229 Cal.
1504 2204 1564 2229 Pat.
1578 2203 1659 2234 Rozzs,
1674 2204 1734 2228 543.

1266 2244 1275 2259 ³
1293 2242 1337 2268 On
1357 2241 1404 2268 the
1424 2241 1585 2267 connection
1605 2240 1633 2266 of
1653 2240 1700 2266 the
1720 2247 1782 2265 case
1801 2238 1868 2265 with

1222 2279 1269 2306 the
1280 2279 1368 2311 king's
1379 2279 1469 2312 policy
1481 2278 1586 2304 toward
1598 2277 1694 2303 Genoa
1705 2285 1748 2303 see
1761 2275 1867 2302 Introd.

1221 2326 1248 2350 p.
1263 2317 1335 2342 lxxii.

1266 2356 1276 2371 ⁴
1294 2354 1327 2380 In
1343 2355 1410 2380 1345
1423 2353 1543 2379 Edward
1556 2352 1601 2378 III
1615 2351 1670 2377 had
1684 2350 1806 2377 received
1821 2350 1868 2376 the

1222 2391 1337 2423 homage
1362 2391 1390 2417 of
1415 2390 1488 2417 John
1513 2390 1542 2416 of
1567 2389 1707 2415 Montfort
1733 2388 1815 2414 Duke
1840 2387 1868 2414 of

1222 2429 1360 2461 Brittany‚
1374 2428 1429 2454 and
1441 2436 1477 2454 on
1489 2427 1531 2453 his
1542 2426 1627 2453 death
1638 2425 1726 2453 which
1738 2425 1868 2452 occurred
