2112 2901
468 165 515 201 50
749 172 869 198 CASES
896 171 1055 197 BEFORE
1082 171 1162 196 THE
1190 171 1328 197 KING'S
1354 171 1530 197 COUNOEL

468 244 541 275 (18111
556 242 691 274 Roberti
706 242 761 272 filii
775 241 936 272 Willielmi
950 241 1044 280 juxta
1058 240 1195 271 formam
1211 240 1298 278 pacis
1313 240 1456 278 predicte
1469 239 1597 271 liberari
1611 250 1676 271 non
1690 239 1810 271 debeat

467 297 500 324 et
517 293 557 324 ad
575 292 758 323 faciendum
775 291 910 322 ulterius
925 294 958 321 et
975 290 1193 329 recipiendum
1209 290 1297 328 quod
1314 289 1413 321 Curia
1429 292 1540 320 nostra
1557 289 1809 321 considerauerit

467 343 499 373 in
514 343 574 374 1138
590 346 691 380 parte.
730 341 773 371 Et
788 341 909 372 habeas
923 340 966 371 ibi
982 340 1113 371 nomina
1128 339 1254 370 illorum
1270 350 1326 378 per
1340 349 1422 378 quos
1436 339 1464 370 ei
1479 339 1558 370 scire
1572 339 1684 370 feceris
1698 342 1731 370 81
1746 339 1807 370 1108

467 393 573 423 breve.
619 392 716 422 Teste
738 401 789 422 me
812 390 881 429 ipso
904 390 991 428 apud
1013 389 1244 428 yeshampsted
1258 390 1279 407 ¹4
1302 389 1405 427 primo
1428 389 1479 420 die
1501 388 1700 427 Septembris
1722 399 1808 420 anno

467 442 554 480 regni
568 441 668 472 nostri
683 440 843 471 tricesimo
856 443 974 471 octauo
988 440 1011 459 ¹⁵
1023 456 1064 460 —
1078 450 1134 478 per
1146 439 1273 470 literam
1286 439 1325 470 de
1339 441 1461 470 secreto
1477 438 1614 477 sigillo.¹⁶
1647 438 1697 469 Ad
1711 448 1808 477 quem

467 492 551 522 diem
567 494 635 522 tam
651 490 796 529 predicta
811 490 926 528 Egidia
941 500 997 528 per
1011 489 1283 527 premonicionem
1298 489 1317 507 ¹⁷
1332 488 1360 519 ei
1377 499 1432 527 per
1445 488 1669 519 vicecomitem
1685 488 1808 526 predic-

467 544 538 572 tum
553 541 647 580 juxta
663 540 801 571 formam
822 539 930 570 breuis
950 539 1087 577 predicti
1107 538 1229 570 factam
1248 541 1281 569 et
1296 538 1329 568 in
1345 537 1579 569 Cancellariam
1596 537 1693 576 Regis
1709 540 1809 568 retor-

466 594 579 622 natam
602 601 658 628 per
680 590 841 620 Thomam
865 589 904 620 de
930 588 1116 619 Middelton
1131 590 1151 607 ¹⁸
1173 591 1378 619 attornatum
1402 598 1496 618 suum
1519 598 1617 626 quam
1644 587 1810 625 predictus

467 641 630 672 Robertus
652 640 691 671 de
714 640 850 670 Fiennes
871 639 911 670 de
933 638 1069 670 Francia
1095 649 1150 677 per
1177 637 1372 669 Michaelem
1399 637 1545 675 Skillyng
1559 638 1579 656 ¹⁹
1601 640 1806 668 attornatum

465 701 559 721 suum
580 690 716 721 veniunt
737 693 769 720 et
790 689 953 727 quesitum
974 692 1023 719 est
1043 699 1062 719 a
1082 688 1208 727 prefato
1230 688 1374 718 Roberto
1395 687 1434 718 de
1455 687 1591 718 Fiennes
1611 687 1650 718 (18
1672 686 1808 718 Francia

465 740 604 779 qualiter
621 739 688 778 ipse
706 742 755 770 est
773 738 1028 777 consanguineus
1045 741 1078 769 et
1095 738 1186 769 heres
1203 737 1339 776 predicti
1358 737 1493 768 Roberti
1511 737 1566 767 filii
1583 736 1734 767 Willehni
1752 736 1807 775 qui

465 790 544 821 (licit
563 789 651 828 quod
671 789 738 827 ipse
757 792 806 820 est
826 788 909 819 filius
928 788 1078 819 Willelmi
1098 788 1137 819 de
1157 787 1293 818 Fiennes
1312 787 1421 818 fratris
1440 786 1576 825 predicti
1596 786 1731 817 Roberti
1751 786 1807 816 filii

465 839 616 871 Willehni
642 842 674 869 et
700 839 744 870 sic
770 842 820 869 est
846 838 1101 876 consanguineus
1124 840 1157 868 et
1179 837 1269 868 heres
1292 837 1428 875 predicti
1452 836 1587 867 Roberti
1608 836 1647 867 de
1671 836 1808 867 Fiennes

465 894 497 921 et
519 890 602 928 petit
626 888 847 920 executionem
868 888 961 927 juxta
983 888 1120 918 formam
1142 887 1250 917 brevis
1271 886 1416 924 predicti.
1461 886 1505 916 Et
1526 886 1671 924 predicta
1692 885 1808 924 Egidia

465 939 544 970 dicit
567 939 653 978 quod
678 938 811 977 quidam
834 938 906 968 finis
929 937 1095 975 quondam
1119 937 1271 967 18113111120
1289 936 1440 967 videlicet
1461 936 1494 966 in
1514 935 1678 974 quindena
1703 935 1807 966 sancti

464 989 622 1020 Johannis
638 988 788 1026 Baptiste
805 997 890 1018 anno
907 987 994 1025 regni
1012 986 1109 1025 Regis
1126 986 1277 1017 Edwardi
1294 985 1384 1016 tercii
1401 996 1420 1016 a
1437 988 1616 1023 conquestu
1632 985 1807 1023 quartode-

465 1039 548 1069 cimo
561 1040 581 1057 ²¹
599 1038 683 1068 inter
699 1038 882 1068 ι1011300810
900 1037 940 1067 (18
957 1036 1091 1074 Molyns
1108 1036 1261 1067 Chiualer
1277 1038 1310 1066 et
1328 1035 1489 1073 prefatam
1508 1034 1657 1073 Egidiam
1675 1045 1806 1065 uxorem

464 1089 534 1128 ejus
557 1091 728 1126 querentes
748 1090 780 1118 et
804 1087 985 1117 Robertuni
1006 1086 1045 1117 de
1068 1086 1099 1117 la
1122 1086 1217 1124 Haye
1239 1095 1410 1124 personam
1430 1084 1560 1116 ecclesie
1580 1084 1620 1115 de
1643 1084 1772 1116 Dachet
1785 1085 1808 1103 ²²

464 1138 696 1169 deforciantein
719 1137 758 1167 de
780 1137 893 1168 eodem
915 1136 1058 1167 manerio
1080 1135 1119 1166 de
1138 1135 1339 1167 Wendouere
1361 1145 1417 1173 per
1438 1145 1535 1173 quem
1557 1134 1688 1173 quidem
1710 1134 1807 1165 finem

464 1188 628 1226 predictus
641 1188 659 1218 J
663 1187 806 1218 ohannes
819 1186 1007 1225 recognouit
1021 1185 1202 1224 predictum
1216 1185 1395 1216 manerium
1410 1195 1477 1216 8558
1491 1184 1543 1223 jus
1556 1184 1656 1222 ipsius
1671 1183 1806 1215 Roberti

464 1241 501 1268 ut
518 1237 597 1268 illud
614 1237 701 1276 quod
719 1236 804 1267 idem
822 1236 986 1267 Robertus
1002 1235 1118 1266 habuit
1135 1235 1174 1266 de
1192 1235 1277 1266 dono
1294 1234 1430 1273 predicti
1447 1234 1605 1265 Johannis
1621 1237 1653 1265 et
1671 1244 1728 1272 pro
1745 1233 1806 1264 hac

464 1287 683 1326 recognicione
701 1287 763 1317 fine
780 1289 813 1317 et
830 1285 1001 1317 concordia
1022 1285 1107 1316 idem
1131 1285 1294 1316 Robertus
1316 1284 1473 1315 concessit
1496 1283 1648 1322 predictis
1665 1283 1806 1314 Johanni

463 1340 497 1368 et
519 1337 632 1375 Egidie
655 1336 836 1374 predictum
859 1335 1039 1366 manerium
1063 1345 1135 1365 cum
1159 1334 1365 1373 pertinenciis
1387 1337 1420 1365 et
1442 1333 1521 1364 illud
1543 1333 1588 1364 815
1611 1333 1752 1364 reddidit
1774 1333 1806 1363 in

463 1387 576 1418 eadem
595 1386 694 1417 Curia
712 1385 897 1416 habendum
916 1388 949 1416 et
967 1385 1144 1416 tenendum
1162 1384 1282 1415 eisdem
1300 1383 1442 1415 Johanni
1459 1387 1492 1414 et
1510 1383 1622 1421 Egidie
1641 1383 1681 1414 ad
1700 1386 1806 1414 totam

463 1437 567 1468 vitam
586 1437 729 1474 ipsorum
747 1435 905 1466 Johannis
923 1438 956 1466 et
976 1434 1088 1473 Egidie
1106 1437 1139 1465 et
1159 1437 1232 1472 post
1251 1433 1417 1464 decessum
1435 1433 1579 1472 ipsorum
1597 1432 1755 1464 Johannis
1773 1435 1807 1463 et

463 1486 577 1525 Egidie
598 1486 778 1524 predictum
799 1484 979 1516 manerium
1001 1495 1074 1515 811111
1096 1483 1301 1522 pertinenciis
1322 1483 1444 1522 integre
1465 1486 1645 1514 remaneret
1665 1481 1807 1513 Johanni

463 1536 528 1567 filio
546 1535 720 1567 eorundem
739 1535 896 1566 Johannis
914 1538 947 1565 et
965 1534 1078 1573 Egidie
1095 1537 1128 1565 et
1146 1533 1317 1564 heredibus
1335 1533 1374 1564 de
1393 1543 1524 1571 corpore
1542 1543 1599 1563 suo
1618 1531 1804 1571 procreatis.

464 1586 507 1616 Et
523 1586 549 1616 si
566 1585 734 1623 contingat
750 1585 837 1623 quod
854 1585 939 1615 idem
955 1585 973 1615 J
977 1584 1120 1615 ohannes
1135 1583 1219 1614 filius
1236 1583 1454 1621 predictorum
1470 1583 1488 1613 J
1492 1582 1628 1613 ohannis
1643 1585 1676 1613 et
1693 1581 1806 1620 Egidie

463 1635 579 1667 obierit
602 1635 669 1666 sine
692 1634 807 1665 herede
831 1634 870 1665 de
894 1644 1024 1672 corpore
1047 1644 1105 1664 5110
1129 1636 1296 1671 procreato
1319 1636 1398 1663 tunc
1421 1632 1603 1671 predictum
1625 1631 1806 1663 manerium

463 1689 643 1716 remaneret
660 1684 820 1715 Willelmo
838 1684 931 1715 fratri
948 1683 1093 1723 ejusdem
1112 1683 1270 1714 Johannis
1288 1682 1343 1712 filii
1362 1682 1580 1721 predictorum
1598 1681 1755 1713 Johannis
1773 1684 1806 1712 et

463 1735 576 1774 Egidie
597 1738 630 1766 et
652 1734 823 1765 heredibus
845 1734 884 1765 de
907 1744 1038 1772 corpore
1060 1744 1117 1764 suo
1139 1732 1341 1763 exeuntibus
1386 1732 1430 1762 Et
1452 1732 1478 1762 si
1499 1731 1606 1762 dictus
1627 1731 1807 1762 Willehnus

463 1785 578 1816 obierit
600 1784 667 1815 sine
689 1784 804 1815 herede
827 1784 866 1815 de
889 1793 1020 1821 corpore
1042 1793 1099 1814 suo
1122 1785 1290 1821 procreato
1312 1785 1391 1812 tunc
1414 1781 1595 1820 predictum
1623 1781 1804 1812 manerium

463 1835 558 1865 rectis
572 1834 743 1865 heredibus
758 1833 893 1872 predicti
908 1833 926 1864 J
929 1832 1066 1863 ohannis
1080 1832 1295 1863 re1nane1·et.2³
1330 1832 1374 1862 Et
1389 1828 1511 1870 profert
1525 1831 1576 1861 hic
1591 1834 1717 1869 partem
1733 1830 1806 1861 finis

463 1885 518 1923 qui
536 1884 595 1915 1108
613 1887 763 1914 testatur.
802 1883 846 1913 Et
867 1883 946 1913 dicit
967 1882 1055 1921 quod
1077 1882 1240 1920 predictus
1260 1881 1425 1912 Johannes
1446 1881 1485 1911 de
1502 1880 1635 1918 Molyns
1656 1884 1804 1911 mortuus

497 1956 515 1971 ¹⁴
535 1955 557 1980 Ι.
570 1963 592 1980 e.
626 1953 861 1986 Easthampstead
894 1953 921 1979 in
954 1952 1107 1984 Berkshire,
1160 1951 1302 1984 penalty.’'
1339 1952 1362 1977 1.
1380 1951 1407 1977 S.
1426 1951 1556 1983 Leadam‚
1575 1951 1657 1977 Select
1675 1951 1754 1977 Cases
1775 1953 1805 1977 in

462 1992 539 2019 three
556 1992 632 2018 miles
649 1991 793 2017 southeast
811 1991 839 2016 of
854 1990 1046 2022 Wokingham.
1080 1991 1107 2016 It
1159 1990 1199 2015 the
1219 1989 1281 2015 Star
1301 1989 1428 2015 Chamber
1449 1988 1557 2020 (selden
1575 1988 1693 2022 society,
1715 1990 1804 2021 1903),

462 2039 517 2056 was
540 2038 556 2056 a
579 2029 655 2061 royal
680 2028 873 2060 hunting-box,
898 2031 927 2054 to
948 2027 1036 2053 which
1061 2027 1108 2053 the
1159 2036 1186 2059 p.
1201 2027 1253 2052 xxi.
1287 2027 1340 2052 For
1353 2026 1400 2052 the
1413 2026 1520 2052 earliest
1538 2026 1688 2058 subpoena,
1703 2025 1806 2058 issuing

461 2067 540 2099 kings
554 2066 675 2093 resorted
689 2066 716 2092 in
730 2066 778 2092 the
791 2074 920 2091 summer.
954 2066 969 2077 ‘¹
982 2066 1005 2091 A
1019 2065 1108 2097 sandy
1159 2073 1234 2097 upon
1260 2073 1277 2090 a
1301 2064 1348 2089 bill
1372 2063 1519 2090 addressed
1542 2066 1571 2090 to
1594 2063 1641 2089 the
1662 2063 1728 2096 king
1750 2064 1805 2090 and

461 2105 516 2131 and
541 2105 639 2130 barren
663 2103 747 2129 heath
771 2103 800 2129 of
824 2106 901 2135 great
924 2105 1018 2129 extent
1039 2111 1107 2128 even
1160 2101 1273 2133 council,
1293 2110 1337 2127 see
1357 2101 1399 2127 Sir
1419 2101 1449 2127 F.
1471 2101 1612 2133 Palgrave,
1633 2101 1687 2127 The
1707 2101 1805 2133 Kinq's

461 2142 557 2168 within
568 2142 653 2173 living
665 2141 816 2173 memory.’'
847 2141 888 2166 W.
899 2140 986 2172 Lyon,
998 2140 1108 2166 Chronz'-
1160 2139 1272 2165 Councz'l
1289 2139 1390 2170 (1834),
1405 2147 1432 2171 p.
1448 2140 1506 2164 131.

460 2181 510 2206 cles
527 2181 556 2212 os
570 2179 792 2211 Fz'nchampsecad
808 2179 909 2209 (1895),
924 2187 950 2210 p.
965 2179 990 2203 4.
1034 2177 1070 2203 D.
1084 2177 1108 2203 ἀ
1195 2178 1215 2193 17
1234 2176 1318 2202 Writs
1338 2176 1366 2202 of
1387 2176 1542 2208 premunire
1563 2184 1632 2202 were
1655 2175 1746 2202 issued
1769 2184 1805 2201 on

461 2217 487 2243 S.
500 2218 614 2250 Lysons,
628 2217 660 2242 M
663 2225 731 2248 aqna
743 2216 889 2241 Britannia
903 2215 1005 2247 (1806),
1017 2214 1034 2246 i,
1047 2215 1107 2241 285.
1159 2213 1330 2246 suggestions
1349 2213 1412 2240 filed
1432 2213 1525 2239 before
1545 2213 1592 2239 the
1612 2213 1726 2239 council.
1761 2214 1804 2239 An

496 2256 516 2271 ¹⁵
537 2256 549 2280 1
564 2254 733 2286 September,
750 2254 825 2279 1364.
1159 2251 1284 2284 example
1304 2251 1333 2277 of
1353 2259 1413 2283 one,
1436 2250 1576 2283 including
1597 2250 1644 2276 the
1665 2250 1756 2276 clause
1777 2250 1805 2276 of

497 2294 516 2308 ¹⁶
538 2293 584 2317 “A
604 2299 746 2317 summons
768 2291 811 2316 for
830 2298 1001 2322 appearance
1022 2289 1108 2315 under
1159 2289 1309 2321 subpoena‚
1323 2288 1345 2314 is
1358 2291 1387 2314 to
1400 2289 1434 2314 be
1446 2296 1509 2314 seen
1522 2296 1557 2314 on
1570 2296 1597 2320 p.
1610 2289 1653 2315 43.

462 2329 545 2361 Privy
558 2329 626 2360 Seal,
640 2328 762 2354 whether
774 2328 795 2354 it
807 2328 874 2354 took
886 2327 933 2353 the
945 2335 1020 2353 more
1031 2335 1109 2352 man·
1195 2328 1216 2343 ¹⁸
1234 2326 1293 2352 The
1305 2334 1386 2352 name
1398 2326 1426 2352 of
1439 2325 1597 2351 Middleton
1610 2333 1704 2351 occurs
1717 2324 1744 2350 in
1758 2324 1805 2350 the

462 2367 562 2399 datory
575 2367 646 2392 form
660 2366 688 2391 of
702 2374 719 2392 a
732 2365 793 2391 writ
810 2365 915 2396 (breve)
930 2373 960 2391 or
974 2364 1037 2391 that
1050 2364 1078 2390 of
1092 2373 1108 2390 a
1159 2363 1205 2390 list
1216 2363 1244 2389 of
1255 2363 1364 2390 counsel
1376 2363 1469 2389 shewn
1479 2363 1517 2395 by
1528 2362 1576 2388 the
1586 2363 1660 2388 Year
1671 2362 1763 2388 Books
1774 2365 1804 2388 to

461 2404 542 2430 letter
582 2403 691 2436 (litere),
728 2406 758 2429 at
795 2403 855 2428 first
891 2402 1035 2434 expressed
1072 2410 1108 2428 no
1159 2401 1231 2427 have
1241 2400 1377 2434 practised
1387 2400 1415 2426 in
1426 2400 1473 2427 the
1483 2403 1576 2427 courts
1588 2399 1616 2425 in
1630 2399 1677 2426 the
1690 2399 1765 2432 reign
1776 2399 1805 2425 of
