2112 2901
504 191 574 226 122
1051 200 1259 226 APPENDIX
1286 201 1299 226 1

501 281 629 316 aliosque
640 280 812 309 necessarios
822 280 958 308 articulos
969 289 1019 316 pro
1030 290 1117 309 causa
1126 280 1266 308 eiusmodi
1277 280 1463 308 dilucidanda
1474 280 1715 309 concernentibus
1726 280 1845 309 tandem

501 327 672 354 relacionem
691 326 774 354 nobis
793 325 828 354 de
847 329 877 354 et
895 335 981 361 super
1000 325 1134 354 omnibus
1153 325 1294 361 suggestis
1314 335 1363 361 per
1382 326 1477 361 ipsum
1498 326 1657 355 Ricardum
1677 326 1847 356 memoratis

501 372 631 400 fecerunt
646 371 675 399 in
691 371 806 406 scriptis
821 371 876 400 sub
891 381 924 400 eo
941 371 990 406 qui
1006 371 1137 406 sequitur
1152 374 1252 400 tenore
1267 371 1434 400 verborum:
1461 371 1608 407 Sequntur
1623 381 1761 407 responsa
1777 382 1846 401 vera

501 420 590 452 atque
602 417 744 452 legittima
756 416 793 445 ad
805 426 839 445 ea
850 426 906 451 que
918 426 968 452 per
979 416 1125 452 quendam
1138 416 1296 445 Ricardum
1308 416 1416 445 Heron'
1429 417 1535 446 laicum
1547 417 1676 446 nacionis
1687 418 1847 453 Anglicane

501 463 529 490 in
555 472 642 491 eausa
666 472 755 497 quam
779 472 809 491 se
834 462 939 491 habere
964 462 1111 498 pretendit
1135 462 1275 491 aduersus
1299 462 1475 491 Societatem
1500 463 1700 492 Mercatorum
1726 463 1846 499 Stapule

501 508 606 536 Calisie
620 518 670 543 pro
684 508 760 536 mala
774 508 974 536 contraccione
987 508 1119 536 lanarum
1132 517 1250 537 suarum
1264 518 1314 543 per
1326 508 1448 537 eandem
1461 508 1636 537 Societatem
1649 509 1727 538 intra
1739 509 1847 544 Stapu-

500 554 558 582 lam
573 554 695 582 eandem
709 557 743 582 vt
757 553 864 582 dicitur
878 554 986 582 factam
1000 553 1079 589 apud
1091 553 1195 582 Sedem
1206 554 1405 589 Apostolicam
1418 557 1479 582 tam
1492 563 1525 582 ex
1536 554 1630 583 forma
1644 554 1765 590 pristine
1779 564 1846 590 sup-

501 599 667 634 plicacionis
686 609 775 634 quam
795 602 893 627 secute
913 599 1118 634 appellacionis
1138 609 1189 634 per
1207 609 1273 628 eum
1293 599 1401 628 ibidem
1420 599 1590 635 interposite
1610 600 1702 629 tacita
1722 600 1846 629 veritate

500 648 636 680 suggesta
652 648 721 673 sunt
738 645 800 673 visa
816 644 887 673 serie
903 645 1126 680 supplicacionis
1143 654 1231 680 quam
1249 645 1391 673 Ricardus
1408 645 1516 673 Hcron'
1534 645 1660 680 porrexit
1676 645 1846 674 sancissimo

502 691 629 719 Domino
642 693 741 719 nostro
754 690 881 719 Domino
894 690 975 719 Sixto
988 690 1098 719 Diuina
1110 690 1301 719 Prouidencia
1313 691 1391 726 Pape
1404 694 1508 726 quarto
1521 691 1602 719 cuius
1614 691 1712 726 vigore
1725 701 1846 726 peruen-

501 738 565 764 tum
581 736 637 764 fuit
653 735 690 764 ad
707 735 855 771 quoddam
872 736 1059 764 monitorium
1076 736 1177 771 penale
1193 738 1283 771 atque
1299 736 1336 765 ad
1352 736 1498 771 quendam
1514 736 1616 765 exinde
1632 739 1765 765 secutum
1782 746 1846 772 pro-

501 790 612 810 cessum
629 784 731 810 contra
746 784 776 809 et
791 781 930 809 adversus
946 781 1122 810 Societatem
1139 782 1338 810 Mercator-um
1354 782 1474 817 Stapule
1490 781 1595 810 Calisie
1611 782 1687 811 sicut
1702 792 1736 810 ex
1752 782 1847 810 forma.

501 827 651 855 cuiusdam
667 827 743 855 bulle
758 827 937 856 reuocatorie
952 830 981 856 et
996 827 1189 855 annullatorie
1204 827 1275 856 dicti
1289 837 1438 863 processus
1453 831 1482 856 et
1497 828 1627 856 omnium
1642 837 1676 856 cx
1690 837 1724 856 eo
1739 828 1846 863 depen-

501 873 635 901 dencium
648 872 683 901 de
695 872 766 901 data
777 876 858 901 sexto
872 872 942 901 Idus
954 872 1130 901 Novembris
1141 882 1217 901 anno
1230 873 1422 901 Pontificatus
1433 873 1561 901 euisdem
1573 873 1601 901 S.
1615 873 1652 901 D.
1665 873 1757 901 nostri
1768 883 1845 902 nono

501 918 664 954 plenissime
686 918 860 952 continetur,
882 918 944 946 viso
965 918 1056 946 eciam
1079 918 1254 953 transcripto
1275 918 1425 947 cuiusdam
1446 919 1633 947 instrumenti
1653 919 1689 947 de
1709 922 1739 947 et
1759 928 1846 954 super

500 964 697 999 appellacione
712 974 762 999 per
776 963 900 992 eundem
915 963 1074 992 Ricardum
1089 963 1241 992 vndecimo
1256 964 1302 992 die
1316 964 1446 1000 Januarij
1462 974 1539 993 anno
1555 964 1674 993 Domini
1689 964 1846 993 Millesimo

501 1009 640 1038 CCCCmo
650 1009 847 1044 octuagesimo
860 1009 952 1044 primo
964 1009 1123 1038 secundum
1136 1009 1387 1044 computacionem
1398 1010 1525 1038 Ecclesie
1537 1010 1669 1038 Romane
1680 1010 1709 1038 in
1721 1010 1846 1039 Basilica

501 1055 641 1090 Principis
654 1055 861 1090 Apostolorum
880 1055 973 1083 Rome
986 1055 1170 1090 interposita;
1194 1058 1290 1090 preter
1308 1058 1337 1083 et
1351 1055 1428 1084 vltra
1441 1065 1475 1084 ea
1493 1065 1549 1091 que
1564 1065 1614 1091 per
1632 1055 1727 1091 ipsum
1746 1055 1846 1084 Ricar-

500 1100 571 1129 dum
584 1110 671 1135 super
684 1100 794 1128 meritis
808 1100 940 1128 decisiuis
954 1100 998 1129 sui
1012 1100 1121 1136 negocij
1137 1100 1241 1129 diffuse
1254 1103 1419 1136 narrantur,
1434 1110 1558 1136 quorum
1572 1101 1704 1130 recitatio
1719 1101 1845 1137 presenti

501 1146 649 1182 proposito
669 1156 727 1175 non
747 1145 884 1174 conducit
903 1146 1029 1181 quedam
1048 1146 1086 1175 ad
1105 1146 1287 1175 fundandam
1306 1146 1535 1175 iurisdiccionem
1555 1156 1655 1175 eorum
1674 1147 1753 1182 apud
1772 1156 1846 1182 quos

500 1194 582 1220 extra
593 1192 656 1220 loca
668 1191 835 1220 obediencie
848 1192 974 1220 Domine
987 1192 1074 1227 Regis
1086 1192 1188 1227 Anglie
1200 1191 1296 1220 dictus
1309 1192 1451 1221 Ricardus
1464 1192 1545 1220 litem
1558 1192 1652 1228 ipsam
1665 1192 1795 1221 instituit
1807 1192 1846 1221 ab

500 1248 533 1267 eo
548 1237 716 1266 introducta
731 1238 855 1272 allegata
869 1240 898 1266 et
913 1240 1048 1273 suggesta
1062 1247 1123 1266 esse
1138 1240 1262 1266 constat.
1298 1238 1409 1267 Idcirco
1424 1248 1460 1266 ne
1475 1248 1552 1267 error
1567 1238 1613 1267 cui
1628 1248 1686 1267 non
1702 1238 1846 1267 resistitur

500 1283 679 1319 approbetur
693 1286 723 1311 et
738 1292 773 1311 ne
788 1283 896 1311 veritas
910 1283 1035 1311 falcitati
1049 1283 1221 1312 succumbat
1236 1293 1343 1318 equum
1358 1284 1453 1312 visum
1468 1287 1512 1312 est
1527 1284 1652 1319 allegata
1666 1286 1695 1312 et
1710 1287 1846 1319 suggesta

500 1328 666 1357 huiusmodi
679 1328 871 1364 infrascriptis
884 1328 1048 1357 racionibus
1062 1328 1180 1357 veritati
1193 1331 1223 1357 et
1236 1329 1348 1357 iusticie
1362 1329 1495 1358 consonis
1508 1329 1663 1358 informare
1677 1329 1714 1358 ad
1728 1339 1845 1358 omnem

500 1374 569 1402 iuris
581 1374 718 1403 effectum
731 1374 782 1409 qui
795 1374 897 1402 exinde
911 1374 991 1409 sequi
1007 1374 1114 1410 poterit
1128 1377 1158 1403 et
1171 1375 1323 1410 presertim
1335 1378 1369 1403 vt
1382 1384 1469 1404 causa
1481 1375 1589 1404 laicalis
1601 1378 1631 1404 et
1644 1375 1795 1411 prophana
1807 1375 1845 1404 ad

501 1419 621 1448 Curiam
633 1420 797 1448 Romanam
808 1420 844 1448 de
854 1420 933 1448 facto
944 1420 1023 1448 falsis
1033 1420 1266 1455 suggestionibus
1277 1420 1416 1449 deuoluta
1426 1420 1463 1449 ad
1474 1430 1558 1449 suum
1570 1420 1694 1449 iudicem
1704 1421 1846 1456 legittime

500 1465 677 1494 remittatur.
712 1466 746 1493 In
764 1465 858 1494 forma
876 1468 975 1494 autem
993 1466 1216 1501 supplicacionis
1233 1475 1284 1494 sue
1301 1466 1442 1501 prelibate
1460 1466 1591 1502 prefatus
1609 1466 1752 1495 Ricardus
1769 1466 1846 1495 inter

500 1514 596 1540 cetera
610 1520 839 1539 commemorans
857 1511 1004 1546 quomodo
1017 1511 1085 1540 olim
1104 1512 1166 1540 Rex
1179 1511 1281 1547 Anglie
1294 1514 1323 1540 et
1337 1511 1397 1540 eius
1410 1511 1490 1547 regni
1508 1512 1737 1541 Parliamentum
1751 1515 1845 1541 statu-

499 1559 584 1585 erunt
599 1557 745 1592 stapulam
760 1557 892 1585 lanarum
907 1560 936 1585 et
952 1556 1068 1592 pellium
1083 1557 1251 1586 lanutarum
1266 1557 1295 1586 in
1310 1557 1379 1586 villa
1394 1557 1506 1586 Calesie
1521 1557 1698 1587 Morinensis
1713 1558 1846 1586 Diocesis

499 1602 636 1638 quodque
645 1602 683 1630 ad
696 1602 834 1631 maiorem
847 1602 1043 1631 defensionem
1057 1602 1133 1631 dicte
1143 1603 1209 1631 ville
1222 1606 1303 1631 extra
1315 1613 1435 1639 regnum
1446 1603 1608 1639 predictum
1621 1603 1805 1632 consistentis
1814 1606 1845 1632 et

499 1647 665 1676 huiusmodi
679 1648 757 1683 regni
772 1648 949 1676 circumdate
963 1648 1085 1676 inimicis
1099 1651 1129 1677 et
1148 1658 1199 1684 pro
1217 1649 1373 1677 securitate
1392 1649 1592 1678 Mercatorum
1607 1649 1736 1678 eiusdem
1750 1649 1845 1678 Socie-

500 1694 571 1722 tatis
587 1693 616 1722 in
633 1693 798 1722 huiusmodi
814 1693 999 1722 ordinacione
1016 1694 1077 1722 Rex
1093 1697 1123 1722 et
1139 1694 1368 1723 Parliamentum
1385 1695 1531 1730 prefatum
1547 1695 1737 1723 inhibuerunt
1753 1695 1846 1724 omni-

500 1739 554 1767 bus
572 1742 602 1767 et
620 1739 739 1775 singulis
758 1739 964 1774 cuiuscumque
982 1740 1166 1768 auctoritatis
1184 1743 1281 1769 essent
1299 1750 1335 1768 ne
1353 1740 1434 1768 lanas
1453 1744 1505 1769 aut
1524 1741 1611 1776 pelles
1629 1741 1796 1769 huiusmodi
1814 1741 1845 1769 in

500 1784 623 1820 Stapula
643 1788 695 1813 aut
716 1785 785 1813 villa
806 1785 937 1820 predicta
958 1795 1009 1821 pro
1031 1788 1161 1820 tempore
1182 1785 1337 1814 existentes
1358 1786 1429 1814 alias
1450 1795 1539 1821 quam
1560 1796 1611 1822 per
1631 1786 1710 1815 viam
1732 1786 1844 1815 iusticie

500 1839 601 1866 capere
618 1833 670 1858 aut
687 1830 816 1866 dampna
833 1830 918 1859 alicui
935 1840 969 1859 ex
987 1831 1200 1859 Mercatoribus
1217 1831 1294 1860 dicte
1312 1831 1431 1867 Stapule
1448 1831 1553 1860 inferre
1570 1835 1771 1867 presumerent
1788 1832 1845 1860 sub

499 1875 654 1911 quadrupli
667 1885 742 1911 pena
755 1876 831 1911 parti
843 1876 950 1905 offense
960 1876 1134 1912 applicanda
1146 1877 1346 1912 subiungendo
1357 1880 1566 1912 consequenter
1577 1880 1670 1906 certas
1683 1887 1801 1906 normas
1814 1880 1844 1906 et

499 1921 612 1957 regulas
624 1921 734 1949 iuratas
746 1921 800 1949 sub
813 1921 918 1956 quibus
931 1922 1110 1950 Mercatores
1122 1922 1212 1957 ipsius
1224 1922 1377 1950 Societatis
1390 1932 1490 1951 omnes
1502 1926 1532 1951 et
1544 1923 1649 1958 singuli
1661 1923 1736 1951 inter
1749 1933 1778 1951 se
1792 1933 1844 1958 pro

499 1967 654 1995 securitate
669 1969 699 1995 et
713 1967 794 1995 salua
808 1967 929 2002 guardia
943 1967 1009 1995 ville
1025 1967 1153 2002 predicte
1167 1967 1320 1996 conuiuere
1335 1971 1453 2003 possent
1468 1971 1497 1996 et
1512 1968 1651 1997 deberent
1666 1968 1792 2004 denique
1806 1968 1844 1997 ad

499 2012 681 2041 fundandam
704 2012 934 2041 iurisdiccionem
958 2013 1048 2041 Ducis
1071 2013 1239 2049 Burgundie
1262 2016 1405 2048 tanquam
1429 2013 1552 2042 Comitis
1576 2014 1712 2043 Flandrie
1735 2024 1844 2050 sueque

500 2058 569 2094 legis
592 2068 643 2094 pro
666 2058 873 2087 reformacione
896 2058 1090 2094 dampnorum
1113 2059 1198 2088 alicui
1221 2069 1255 2087 ex
1278 2059 1415 2095 predictis
1439 2060 1653 2088 Mercatoribus
1677 2070 1728 2096 per
1750 2060 1844 2096 ipsam

499 2103 674 2132 Societatem
687 2113 736 2132 seu
751 2104 938 2139 particulares
951 2114 1088 2140 personas
1100 2105 1228 2133 eiusdem
1243 2105 1317 2134 circa
1330 2106 1411 2134 lanas
1422 2108 1475 2134 aut
1489 2106 1575 2142 pelles
1589 2106 1756 2134 huiusmodi
1768 2106 1844 2135 infra

499 2149 592 2185 ipsam
605 2149 758 2185 Stapulam
771 2149 918 2178 illatorum
930 2150 1089 2179 dummodo
1102 2151 1166 2179 lane
1178 2160 1228 2179 seu
1242 2151 1328 2186 pelles
1342 2151 1453 2187 prefate
1466 2155 1567 2180 contra
1580 2152 1764 2180 voluntatem
1779 2161 1843 2188 pos-

499 2204 642 2224 sessorum
659 2205 709 2230 per
724 2195 784 2224 vim
801 2199 830 2224 et
846 2196 1017 2224 violenciam
1034 2199 1115 2225 extra
1131 2196 1283 2232 Stapulam
1299 2197 1393 2232 ipsam
1409 2197 1446 2226 ad
1462 2198 1525 2226 loca
1541 2197 1648 2226 dicioni
1664 2197 1755 2226 Ducis
1770 2198 1844 2226 Bur-

499 2241 605 2276 gundie
626 2241 757 2270 subiecta
779 2244 979 2277 transportata
1000 2242 1117 2277 fuerint,
1140 2242 1212 2271 dixit
1234 2242 1368 2271 recitauit
1390 2246 1420 2271 et
1441 2243 1582 2279 suggestit
1604 2246 1691 2279 prout
1712 2243 1844 2278 sequitur

499 2286 578 2321 quod
594 2286 754 2315 successiue
770 2287 846 2315 inter
862 2291 932 2315 tunc
949 2288 1058 2323 Regem
1074 2288 1177 2323 Anglie
1192 2291 1222 2316 et
1239 2288 1352 2316 Ducem
1368 2288 1536 2324 Burgundie
1552 2292 1729 2317 conuentum
1746 2289 1843 2317 extitit

499 2331 578 2367 quod
591 2342 691 2360 omnes
703 2335 878 2361 mercatores
891 2336 920 2361 et
933 2333 1056 2368 quilibet
1068 2343 1168 2362 eorum
1181 2336 1300 2369 possent
1312 2333 1352 2362 ire
1371 2334 1458 2362 libere
1476 2337 1505 2362 et
1518 2343 1616 2363 secure
1629 2344 1694 2363 cum
1707 2334 1843 2363 omnibus

499 2377 572 2405 lanis
591 2377 673 2406 bonis
691 2381 721 2406 et
738 2378 906 2406 mercanciis
924 2378 1013 2414 ipsius
1031 2379 1110 2414 regni
1127 2379 1230 2414 Anglie
1247 2379 1276 2407 in
1294 2380 1318 2407 F
1319 2379 1461 2408 landriam
1480 2380 1657 2408 Holandiam
1675 2380 1842 2409 Zelandiam

498 2423 693 2451 Brabanciam
703 2427 733 2452 et
746 2424 803 2452 alia
816 2424 879 2452 loca
892 2424 963 2452 dicti
977 2424 1068 2453 Ducis
1082 2424 1210 2453 dominio
1223 2425 1354 2454 subiecta
1367 2428 1397 2454 et
1410 2425 1439 2454 in
1449 2425 1504 2454 illis
1517 2425 1680 2454 conuersari
1694 2435 1728 2454 ac
1741 2425 1844 2454 exinde
