2112 2901
503 164 552 200 36

505 251 627 282 virtute
645 251 810 282 cuiusdam
828 251 933 281 brevis
946 252 956 269 ⁹
974 250 1072 289 ipsius
1090 250 1210 281 domini
1229 250 1324 288 Regis
1341 250 1443 281 eidem
1461 250 1619 281 Willelmo
1636 254 1673 281 ut
1690 250 1845 281 escaetori

504 301 625 331 domini
648 301 742 339 Regis
762 301 794 331 in
815 300 1023 331 comitatibus
1044 300 1194 338 predictis
1214 300 1253 330 (16
1274 300 1449 338 particione
1469 299 1635 330 feodorum
1655 303 1688 330 et
1708 299 1846 331 aduoca-

504 351 631 382 cionum
648 351 863 388 predictorum
879 350 962 381 inter
977 350 1099 381 dictum
1114 350 1219 380 Adam
1234 353 1266 380 et
1281 349 1359 380 alios
1374 349 1544 388 participes
1560 349 1643 380 dicte
1658 349 1846 380 hereditatis

505 400 651 431 facienda
675 400 796 437 directi,
822 399 898 430 fecit
923 399 1132 438 particionem
1157 399 1196 430 (16
1220 399 1320 430 160(115
1344 403 1377 430 et
1401 399 1670 430 aduocacionibus
1694 398 1846 437 predictis

504 450 588 481 inter
604 449 775 488 participes
792 449 961 488 predictos,
980 452 1012 480 ct
1028 449 1119 479 iuxta
1134 449 1269 479 eandem
1286 449 1495 487 particionem
1513 448 1686 479 aduocacio
1704 448 1846 487 predicte

505 499 632 530 ecclesie
657 500 689 529 in
714 503 899 538 propartem
924 499 1068 537 predicto
1092 499 1161 530 Ade
1185 499 1247 529 fuit
1271 498 1443 537 assignata,
1469 509 1567 537 quam
1592 498 1722 536 quidem
1747 497 1846 536 parti-

503 549 631 580 cionem
655 549 789 580 tradidit
813 549 986 580 attornatis
1010 549 1225 587 predictorum
1250 548 1443 586 participum
1467 548 1499 578 in
1524 548 1744 579 cancellariam
1768 547 1846 578 dicti

505 599 626 629 (101111111
646 599 742 637 Regis
760 599 850 629 iuxta
869 602 1012 629 tenorem
1032 598 1137 629 brevis
1157 598 1291 637 predicti
1310 598 1525 635 deferendam,
1546 601 1588 635 et,
1609 597 1696 628 dicta
1715 597 1846 628 ecclesia

506 652 579 687 post
605 649 815 687 particionem
843 649 1019 687 predictam
1052 652 1199 686 vacante,
1228 648 1389 686 predictus
1416 648 1521 678 Adam
1548 648 1681 678 fratrem
1709 647 1845 685 predicti

505 698 653 729 Willelmi
668 699 708 729 ad
723 698 887 729 ecclesiam
902 698 987 729 illam
1003 698 1214 736 presentauit5
1240 702 1272 729 et
1286 698 1362 736 quia
1376 698 1583 736 postmodum
1598 697 1744 728 audierat
1758 697 1845 735 quod

506 748 640 787 particio
653 748 797 787 predicta
808 748 840 778 in
853 748 940 779 dicta
953 748 1140 779 cancellaria
1152 758 1215 779 non
1228 748 1290 778 fuit
1302 751 1476 785 retornata,
1490 751 1523 778 et
1535 747 1621 785 quod
1634 747 1751 778 nullius
1763 750 1846 778 esset

506 798 622 829 valoris
636 802 811 837 antequam
825 798 857 828 in
871 798 982 829 eadem
997 798 1184 829 cancellaria
1198 798 1433 835 admitteretur,
1449 797 1565 828 timens
1580 807 1634 835 per
1648 797 1707 828 hoc
1722 797 1845 827 dictum

506 851 726 886 presentatum
748 859 803 886 per
822 848 983 886 prefatum
1003 848 1108 878 Adam
1129 858 1223 886 super
1243 847 1434 878 admissione
1454 857 1512 878 sua
1531 847 1571 877 ad
1592 846 1756 877 ecclesiam
1777 856 1846 884 pre-

504 898 625 928 dictam
653 898 799 936 impediri
826 908 927 936 posse,
955 897 1078 928 litteras
1104 908 1178 928 suas
1203 897 1291 928 misit
1317 897 1413 928 Petro
1439 897 1478 927 de
1501 897 1661 934 Brewes,¹⁰
1682 896 1786 933 militi,
1814 899 1847 926 et

506 947 642 978 Iohanni
666 948 704 978 de
727 948 904 985 Herlyng,¹¹
921 958 993 977 011111
1015 947 1101 977 dicto
1122 947 1252 977 (101111110
1275 947 1361 985 Rege
1384 946 1666 984 commorantibus,
1691 949 1728 976 ut
1750 955 1846 984 penes

505 997 671 1028 dominum
691 998 811 1035 Regem
831 1007 887 1035 pro
906 997 1145 1035 presentacione
1164 996 1348 1035 hujusmodi
1367 996 1408 1027 ab
1427 1007 1464 1027 eo
1482 995 1659 1034 optinenda
1677 1005 1847 1034 proseque-

506 1051 625 1085 rentur,
647 1051 679 1077 et
700 1051 772 1085 post
792 1047 1017 1077 admissionem
1038 1047 1116 1077 dicti
1136 1046 1312 1085 presentati
1332 1046 1372 1076 ad
1393 1046 1557 1077 ecclesiam
1577 1045 1664 1076 illam
1684 1045 1846 1084 predictus

506 1096 691 1134 willelmus,
721 1097 790 1135 ipso
819 1097 858 1127 de
886 1096 1126 1135 presentacione
1154 1096 1241 1127 facta
1270 1106 1325 1134 per
1353 1095 1476 1126 dictum
1505 1095 1671 1126 dominum
1700 1098 1846 1126 nostrum

506 1146 626 1185 Regem
645 1146 685 1176 ad
704 1147 839 1177 eandem
857 1146 1021 1177 ecclesiam
1040 1146 1167 1184 penitus
1185 1146 1304 1185 ignaro,
1323 1145 1518 1184 supplicauit
1535 1149 1658 1176 statum
1677 1145 1759 1175 illius
1777 1155 1848 1183 pre-

504 1196 624 1227 sentati
641 1206 696 1234 per
711 1196 834 1227 (lictum
850 1196 954 1227 Adam
971 1207 990 1226 a
1005 1196 1136 1227 domino
1152 1196 1238 1234 Rege
1254 1195 1444 1233 confirmari,
1461 1199 1494 1226 et
1512 1205 1575 1226 non
1594 1194 1742 1233 intelligit
1759 1194 1847 1233 quod

507 1256 562 1284 per
579 1246 638 1277 hoc
656 1246 829 1284 quicquam
847 1246 933 1284 quod
952 1250 1064 1277 contra
1081 1249 1319 1277 sacramentum
1336 1256 1429 1276 suum
1447 1245 1497 1276 vel
1515 1245 1547 1275 in
1565 1244 1846 1276 exheredacionem

505 1296 627 1327 domini
641 1296 736 1334 Regis
749 1296 781 1326 in
794 1296 853 1326 hac
867 1299 958 1334 parte
971 1296 1080 1326 cedere
1094 1295 1193 1333 possit
1206 1295 1282 1326 fecit
1294 1306 1351 1326 nec
1365 1294 1586 1333 attemptauit.
1621 1295 1665 1325 Et
1678 1294 1763 1333 quia,
1777 1293 1847 1325 visa

505 1346 737 1377 certificacione
756 1345 900 1384 predicta
919 1356 974 1383 per
993 1345 1098 1384 ipsum
1117 1345 1311 1376 Willelmum
1330 1345 1363 1375 in
1382 1344 1570 1376 cancellaria
1589 1344 1733 1382 predicta
1752 1353 1847 1382 super

506 1395 682 1434 particione
709 1395 853 1434 predicta
880 1399 1053 1433 retornata,
1082 1405 1145 1426 non
1173 1395 1356 1426 continetur
1382 1395 1414 1425 in
1441 1395 1553 1425 eadem
1580 1394 1647 1425 dies
1674 1404 1730 1425 1160
1757 1394 1847 1425 100115

505 1445 636 1484 quando
649 1449 681 1476 et
693 1445 748 1475 ubi
760 1445 895 1483 particio
907 1445 960 1475 illa
972 1445 1058 1476 facta
1070 1445 1187 1482 extitit,
1201 1448 1234 1476 et
1246 1455 1318 1476 011111
1330 1445 1426 1475 breve
1434 1446 1454 1462 ¹²
1465 1445 1504 1475 de
1517 1444 1692 1482 particione
1703 1443 1848 1482 predicta

506 1495 653 1526 facienda
668 1495 771 1526 eidem
786 1495 980 1525 Willelmum
997 1495 1154 1525 directum
1170 1495 1211 1525 sit
1227 1495 1266 1526 de
1281 1494 1360 1525 data
1375 1494 1489 1525 decimi
1505 1494 1566 1525 diei
1583 1493 1747 1524 Februarii
1762 1503 1847 1524 anno

507 1545 593 1583 regni
613 1545 690 1575 dicti
709 1545 830 1576 domini
849 1544 945 1583 Regis
963 1544 1076 1583 Anglie
1094 1544 1245 1575 vicesimo
1264 1548 1362 1581 sexto,
1383 1544 1467 1575 idem
1487 1544 1583 1575 breve
1602 1554 1675 1575 cum
1694 1543 1848 1574 certifica-

505 1595 596 1626 cione
617 1595 690 1625 inde
706 1594 793 1625 facta
814 1598 890 1625 ante
910 1594 1052 1625 Octabas
1072 1594 1189 1625 Sancte
1209 1594 1405 1625 Trinitatis¹³
1421 1604 1505 1625 anno
1521 1593 1608 1632 regni
1628 1593 1706 1624 dicti
1726 1592 1848 1624 domini

507 1644 603 1683 Regis
618 1644 730 1683 Anglie
746 1644 896 1675 vicesimo
912 1644 1049 1682 septimo
1064 1655 1128 1675 non
1144 1644 1206 1675 suit
1221 1648 1432 1681 retornatum,
1449 1654 1505 1682 per
1519 1643 1606 1682 quod
1622 1643 1704 1674 clare
1719 1643 1849 1674 videtur

507 1698 575 1725 tam
599 1694 863 1725 certificacionem
886 1694 1063 1732 predictam
1086 1705 1185 1733 quam
1208 1694 1316 1725 omnia
1338 1694 1400 1724 alia
1423 1693 1567 1732 predicta
1589 1703 1645 1731 per
1667 1693 1848 1731 predictum

507 1744 700 1775 Willelmum
722 1754 779 1782 pro
800 1744 1005 1775 excusacione
1026 1754 1084 1774 sua
1105 1744 1137 1774 in
1158 1744 1218 1775 hac
1239 1748 1331 1782 parte
1352 1743 1489 1782 allegata
1510 1742 1668 1774 delusoria
1688 1746 1721 1774 et
1741 1742 1848 1774 minus

507 1804 584 1824 vera
598 1804 674 1824 esse.
712 1794 756 1825 Et
771 1794 842 1824 ideo
858 1794 1094 1824 consideratum
1110 1797 1159 1824 est
1174 1793 1260 1832 quod
1276 1793 1420 1832 predicta
1436 1792 1624 1824 certificacio
1640 1796 1698 1823 aut
1713 1792 1848 1830 particio

785 173 906 198 CASES
933 173 1092 198 BEFORE
1119 172 1199 197 THE
1227 172 1364 198 KING'S
1391 172 1567 198 COUNCIL

507 1864 593 1896 rights
611 1864 639 1890 01
657 1864 703 1889 the
721 1873 810 1890 crown
828 1864 883 1890 and
901 1868 949 1890 not
968 1867 997 1890 to
1015 1867 1106 1890 assent
1124 1867 1153 1890 to
1204 1864 1327 1896 passim).
1361 1863 1411 1889 His
1425 1864 1557 1889 influence
1572 1866 1601 1889 at
1616 1866 1693 1889 court
1707 1863 1729 1889 is
1743 1871 1806 1889 seen
1820 1863 1848 1888 in

509 1901 556 1927 the
572 1902 696 1927 decrease
711 1910 741 1927 or
757 1902 943 1927 concealment
959 1902 987 1927 of
1003 1901 1049 1927 the
1065 1901 1153 1933 king's

508 1939 594 1971 rights
606 1939 660 1964 and
674 1939 829 1971 franchises,
845 1939 893 1964 dcc.
929 1939 951 1964 F
952 1941 998 1964 *irst
1013 1939 1107 1971 chorl
1119 1948 1153 1965 on

508 1977 549 2002 the
563 1977 656 2002 Public
669 1977 780 2002 Records
796 1978 896 2007 (1800),
912 1978 970 2007 234,
986 1978 1045 2002 236.

554 2015 562 2029 ³⁴
581 2015 603 2039 Α
622 2014 681 2039 v»wit
698 2014 781 2039 dated
799 2015 833 2039 20
849 2014 927 2045 June,
945 2015 1018 2045 1350,
1033 2013 1153 2039 directed

509 2054 539 2077 to
560 2051 632 2077 John
654 2051 742 2083 Colby
764 2051 830 2077 then
852 2051 999 2082 escheator,
1023 2054 1052 2077 to
1074 2051 1154 2077 make

508 2088 556 2114 the
568 2088 699 2120 partition
714 2089 781 2119 (Cal.
795 2089 834 2115 Cl.
847 2090 880 2114 24
892 2089 943 2114 Ed.
958 2089 1009 2121 ΙΙΙ,
1025 2090 1085 2119 188)
1099 2089 1154 2114 had

509 2126 649 2158 evidently
671 2130 720 2152 not
742 2126 810 2152 been
833 2126 971 2152 executed.
1012 2126 1071 2151 The
1093 2126 1153 2152 writ

509 2163 572 2189 here
589 2164 746 2189 mentioned
764 2172 794 2190 as
811 2164 931 2189 directed
950 2167 979 2189 to
997 2164 1153 2189 Middleton

509 2209 564 2226 was
583 2201 666 2227 dated
689 2203 720 2227 10
740 2202 804 2227 Feb.
828 2202 901 2233 1352,
923 2201 977 2227 and
998 2210 1052 2227 was
1072 2201 1154 2227 after-

509 2238 597 2264 wards
615 2239 731 2264 vacated
749 2247 779 2264 as
797 2247 813 2264 a
831 2239 915 2264 result
934 2239 962 2264 of
980 2239 1027 2264 the
1045 2242 1154 2271 present

509 2284 569 2301 case
586 2276 661 2307 (ibid.
676 2277 709 2302 26
723 2276 774 2302 Ed.
790 2277 842 2308 ΙΙΙ,
858 2276 930 2307 408).

554 2314 573 2329 ¹⁰
590 2322 620 2339 or
633 2314 740 2345 Breuse,
753 2314 826 2339 since
838 2315 903 2340 1345
913 2322 929 2339 a
938 2313 1025 2345 king's
1036 2322 1153 2345 yeoman

508 2350 564 2376 and
587 2359 602 2375 a
626 2354 753 2376 constant
776 2351 924 2377 attendant
946 2351 974 2376 of
997 2351 1043 2377 the
1066 2351 1154 2382 king’s

509 2387 666 2413 household.
713 2389 756 2414 He
783 2397 838 2414 was
865 2388 988 2420 liberally
1015 2387 1154 2414 rewarded

509 2424 575 2450 with
599 2425 735 2451 annuities
759 2426 813 2451 aud
837 2426 973 2452 custodies
999 2426 1067 2456 (Cal.
1093 2426 1152 2451 Pal.

1205 1901 1252 1926 the
1272 1910 1418 1927 numerous
1439 1901 1549 1927 licenses
1570 1901 1625 1926 and
1646 1900 1765 1933 pardons
1786 1900 1848 1927 that

1204 1947 1273 1964 were
1290 1939 1404 1971 granted
1421 1940 1435 1950 ‘¹
1447 1942 1476 1964 at
1495 1939 1541 1964 the
1558 1942 1667 1970 request
1681 1938 1710 1964 of
1727 1939 1807 1964 Peter
1820 1937 1849 1964 of

1205 1977 1339 2002 Brewes.’'
1370 1977 1408 2002 As
1417 1985 1433 2002 a
1445 1976 1526 2008 likely
1537 1984 1629 2001 means
1639 1976 1667 2001 of
1679 1975 1789 2008 gaim'ng
1801 1975 1849 2001 the

1204 2014 1292 2046 king’s
1314 2014 1411 2039 favour
1434 2014 1590 2039 Middleton
1612 2022 1672 2039 now
1694 2013 1797 2045 applies
1819 2016 1849 2039 to

1204 2051 1270 2076 him.
1301 2052 1344 2077 He
1357 2051 1496 2083 possessed
1510 2051 1537 2076 in
1552 2051 1667 2076 Norfolk
1681 2050 1727 2076 the
1739 2058 1850 2076 manors

1204 2089 1232 2114 01
1253 2088 1376 2121 Skeyton
1396 2088 1450 2114 and
1467 2088 1605 2114 Tharston
1625 2088 1688 2113 Hall
1708 2087 1795 2114 which
1815 2087 1850 2115 he

1204 2126 1253 2152 left
1269 2129 1297 2152 to
1313 2126 1354 2151 his
1368 2135 1417 2152 son
1431 2126 1503 2152 John
1521 2125 1699 2157 (Blomefield,
1715 2134 1741 2158 ν,
1757 2125 1830 2155 305).

1251 2165 1267 2180 ¹¹
1286 2163 1409 2189 Another
1431 2164 1518 2195 king's
1539 2171 1664 2195 yeoman,
1687 2162 1745 2189 also
1768 2162 1849 2188 usher

1205 2201 1233 2226 of
1256 2200 1302 2226 the
1327 2201 1414 2233 king's
1439 2201 1567 2227 chamber
1589 2200 1644 2226 and
1668 2200 1799 2232 recipient
1821 2199 1850 2226 of

1204 2238 1372 2264 numberless
1390 2241 1483 2270 grants
1501 2238 1555 2264 and
1573 2238 1692 2264 favours,
1729 2238 1763 2263 In
1782 2238 1849 2263 1346

1205 2275 1238 2301 he
1251 2284 1306 2301 was
1318 2276 1462 2302 controller
1474 2276 1502 2301 of
1514 2278 1634 2301 customs
1647 2275 1674 2300 in
1687 2275 1734 2301 the
1746 2277 1809 2307 port
1821 2273 1850 2300 of

1205 2313 1317 2345 Boston,
1338 2313 1365 2339 in
1386 2315 1452 2339 1348
1470 2312 1613 2339 controller
1630 2312 1658 2338 in
1677 2312 1723 2338 the
1741 2314 1804 2344 port
1821 2311 1850 2338 of

1205 2351 1505 2382 Newcastle-on-Tyne,
1526 2350 1553 2376 in
1574 2351 1640 2376 1352
1659 2349 1803 2376 controller
1820 2349 1849 2375 in

1204 2387 1252 2414 the
1264 2391 1325 2420 port
1337 2388 1365 2413 of
1377 2388 1457 2420 Lynn
1468 2387 1523 2414 and
1535 2387 1660 2414 collector
1671 2387 1700 2413 01
1711 2386 1758 2413 the
1769 2389 1849 2419 petty

1205 2428 1325 2451 customs
1347 2425 1374 2451 in
1396 2425 1443 2451 the
1465 2428 1527 2457 port
1548 2425 1576 2450 of
1598 2424 1720 2451 London.
1760 2423 1850 2450 These
