<?xml version="1.0" encoding="UTF-8"?>
<!DOCTYPE html PUBLIC "-//W3C//DTD XHTML 1.0 Transitional//EN"
    "http://www.w3.org/TR/xhtml1/DTD/xhtml1-transitional.dtd">
<html xmlns="http://www.w3.org/1999/xhtml" xml:lang="en" lang="en">
 <head>
  <title>
</title>
<meta http-equiv="Content-Type" content="text/html;charset=utf-8" />
  <meta name='ocr-system' content='tesseract 3.04.00' />
  <meta name='ocr-capabilities' content='ocr_page ocr_carea ocr_par ocr_line ocrx_word'/>
</head>
<body>
  <div class='ocr_page' id='page_1' title='image "./selectcasesbefor00englrich_0298.png"; bbox 0 0 2112 2901; ppageno 0'>
   <div class='ocr_carea' id='block_1_1' title="bbox 492 154 1558 190">
    <p class='ocr_par' dir='ltr' id='par_1_1' title="bbox 492 154 1558 190">
     <span class='ocr_line' id='line_1_1' title="bbox 492 154 1558 190; baseline -0.001 0"><span class='ocrx_word' id='word_1_1' title='bbox 492 154 540 190; x_wconf 81' lang='lat'>88</span> <span class='ocrx_word' id='word_1_2' title='bbox 774 164 895 190; x_wconf 80' lang='lat' dir='ltr'>CASES</span> <span class='ocrx_word' id='word_1_3' title='bbox 922 164 1082 190; x_wconf 78' lang='lat' dir='ltr'>BEFORE</span> <span class='ocrx_word' id='word_1_4' title='bbox 1109 164 1189 189; x_wconf 87' lang='lat' dir='ltr'>THE</span> <span class='ocrx_word' id='word_1_5' title='bbox 1217 164 1355 190; x_wconf 80' lang='lat' dir='ltr'>KING&#39;S</span> <span class='ocrx_word' id='word_1_6' title='bbox 1382 163 1558 189; x_wconf 87' lang='lat' dir='ltr'>COUNCIL</span> 
     </span>
    </p>
   </div>
   <div class='ocr_carea' id='block_1_2' title="bbox 494 241 1843 2073">
    <p class='ocr_par' dir='ltr' id='par_1_2' title="bbox 494 241 1843 2073">
     <span class='ocr_line' id='line_1_2' title="bbox 495 241 1837 281; baseline 0 -9"><span class='ocrx_word' id='word_1_7' title='bbox 495 252 573 273; x_wconf 88' lang='lat' dir='ltr'>ceux</span> <span class='ocrx_word' id='word_1_8' title='bbox 593 252 632 281; x_wconf 98' lang='lat' dir='ltr'>qe</span> <span class='ocrx_word' id='word_1_9' title='bbox 652 242 781 273; x_wconf 84' lang='lat' dir='ltr'>feuront</span> <span class='ocrx_word' id='word_1_10' title='bbox 801 245 950 273; x_wconf 78' lang='lat' dir='ltr'>seruantz</span> <span class='ocrx_word' id='word_1_11' title='bbox 971 246 1004 273; x_wconf 80' lang='lat' dir='ltr'>et</span> <span class='ocrx_word' id='word_1_12' title='bbox 1023 245 1156 273; x_wconf 78' lang='lat' dir='ltr'>tenantz</span> <span class='ocrx_word' id='word_1_13' title='bbox 1177 241 1217 272; x_wconf 92' lang='lat' dir='ltr'>de</span> <span class='ocrx_word' id='word_1_14' title='bbox 1236 241 1285 273; x_wconf 92' lang='lat' dir='ltr'>dit</span> <span class='ocrx_word' id='word_1_15' title='bbox 1304 241 1454 272; x_wconf 90' lang='lat' dir='ltr'>Ansehne</span> <span class='ocrx_word' id='word_1_16' title='bbox 1474 245 1507 272; x_wconf 83' lang='lat' dir='ltr'>et</span> <span class='ocrx_word' id='word_1_17' title='bbox 1522 241 1562 272; x_wconf 91' lang='lat' dir='ltr'>de</span> <span class='ocrx_word' id='word_1_18' title='bbox 1578 251 1656 272; x_wconf 85' lang='lat' dir='ltr'>ceux</span> <span class='ocrx_word' id='word_1_19' title='bbox 1671 251 1711 280; x_wconf 88' lang='lat' dir='ltr'>qe</span> <span class='ocrx_word' id='word_1_20' title='bbox 1726 241 1837 272; x_wconf 85' lang='lat' dir='ltr'>furont</span> 
     </span>
     <span class='ocr_line' id='line_1_3' title="bbox 494 290 1837 330; baseline -0.001 -8"><span class='ocrx_word' id='word_1_21' title='bbox 494 302 645 330; x_wconf 86' lang='lat' dir='ltr'>procurez</span> <span class='ocrx_word' id='word_1_22' title='bbox 659 302 718 330; x_wconf 82' lang='lat' dir='ltr'>par</span> <span class='ocrx_word' id='word_1_23' title='bbox 730 291 774 322; x_wconf 87' lang='lat' dir='ltr'>les</span> <span class='ocrx_word' id='word_1_24' title='bbox 787 291 853 323; x_wconf 77' lang='lat' dir='ltr'>ditz</span> <span class='ocrx_word' id='word_1_25' title='bbox 867 292 885 323; x_wconf 90' lang='lat' dir='ltr'>J</span> <span class='ocrx_word' id='word_1_26' title='bbox 888 302 976 322; x_wconf 84' lang='lat' dir='ltr'>ames</span> <span class='ocrx_word' id='word_1_27' title='bbox 988 295 1021 322; x_wconf 84' lang='lat' dir='ltr'>et</span> <span class='ocrx_word' id='word_1_28' title='bbox 1033 291 1184 322; x_wconf 88' lang='lat' dir='ltr'>Ansehne</span> <span class='ocrx_word' id='word_1_29' title='bbox 1197 295 1230 322; x_wconf 76' lang='lat' dir='ltr'>et</span> <span class='ocrx_word' id='word_1_30' title='bbox 1242 301 1282 330; x_wconf 85' lang='lat' dir='ltr'>qe</span> <span class='ocrx_word' id='word_1_31' title='bbox 1295 302 1314 322; x_wconf 87' lang='lat' dir='ltr'>a</span> <span class='ocrx_word' id='word_1_32' title='bbox 1326 291 1396 322; x_wconf 92' lang='lat' dir='ltr'>lour</span> <span class='ocrx_word' id='word_1_33' title='bbox 1409 294 1540 330; x_wconf 78' lang='lat' dir='ltr'>custage</span> <span class='ocrx_word' id='word_1_34' title='bbox 1552 290 1725 322; x_wconf 89' lang='lat' dir='ltr'>viendront</span> <span class='ocrx_word' id='word_1_35' title='bbox 1738 301 1757 322; x_wconf 92' lang='lat' dir='ltr'>a</span> <span class='ocrx_word' id='word_1_36' title='bbox 1769 291 1837 322; x_wconf 77' lang='lat' dir='ltr'>dite</span> 
     </span>
     <span class='ocr_line' id='line_1_4' title="bbox 494 340 1838 379; baseline -0.001 -7"><span class='ocrx_word' id='word_1_37' title='bbox 494 341 568 373; x_wconf 92' lang='lat' dir='ltr'>ville</span> <span class='ocrx_word' id='word_1_38' title='bbox 586 345 618 372; x_wconf 92' lang='lat' dir='ltr'>et</span> <span class='ocrx_word' id='word_1_39' title='bbox 636 341 708 379; x_wconf 90' lang='lat' dir='ltr'>puis</span> <span class='ocrx_word' id='word_1_40' title='bbox 726 340 770 372; x_wconf 90' lang='lat' dir='ltr'>les</span> <span class='ocrx_word' id='word_1_41' title='bbox 788 341 854 372; x_wconf 83' lang='lat' dir='ltr'>ditz</span> <span class='ocrx_word' id='word_1_42' title='bbox 873 341 1056 379; x_wconf 76' lang='lat' dir='ltr'>suppliantz</span> <span class='ocrx_word' id='word_1_43' title='bbox 1075 341 1305 379; x_wconf 82' lang='lat' dir='ltr'>chalangeront</span> <span class='ocrx_word' id='word_1_44' title='bbox 1323 340 1399 372; x_wconf 88' lang='lat' dir='ltr'>celle</span> <span class='ocrx_word' id='word_1_45' title='bbox 1416 344 1571 379; x_wconf 85' lang='lat' dir='ltr'>enqueste</span> <span class='ocrx_word' id='word_1_46' title='bbox 1588 351 1647 379; x_wconf 88' lang='lat' dir='ltr'>par</span> <span class='ocrx_word' id='word_1_47' title='bbox 1664 340 1708 372; x_wconf 91' lang='lat' dir='ltr'>les</span> <span class='ocrx_word' id='word_1_48' title='bbox 1727 350 1838 372; x_wconf 82' lang='lat' dir='ltr'>causes</span> 
     </span>
     <span class='ocr_line' id='line_1_5' title="bbox 494 389 1838 430; baseline -0.001 -8"><span class='ocrx_word' id='word_1_49' title='bbox 494 391 644 422; x_wconf 86' lang='lat' dir='ltr'>suisdites</span> <span class='ocrx_word' id='word_1_50' title='bbox 661 394 694 422; x_wconf 87' lang='lat' dir='ltr'>et</span> <span class='ocrx_word' id='word_1_51' title='bbox 711 401 772 429; x_wconf 89' lang='lat' dir='ltr'>pur</span> <span class='ocrx_word' id='word_1_52' title='bbox 790 401 844 422; x_wconf 91' lang='lat' dir='ltr'>ceo</span> <span class='ocrx_word' id='word_1_53' title='bbox 862 401 901 430; x_wconf 88' lang='lat' dir='ltr'>qe</span> <span class='ocrx_word' id='word_1_54' title='bbox 919 391 1005 422; x_wconf 91' lang='lat' dir='ltr'>lours</span> <span class='ocrx_word' id='word_1_55' title='bbox 1022 391 1192 430; x_wconf 82' lang='lat' dir='ltr'>chalanges</span> <span class='ocrx_word' id='word_1_56' title='bbox 1209 390 1320 422; x_wconf 81' lang='lat' dir='ltr'>furont</span> <span class='ocrx_word' id='word_1_57' title='bbox 1337 394 1447 422; x_wconf 80' lang='lat' dir='ltr'>trouez</span> <span class='ocrx_word' id='word_1_58' title='bbox 1465 390 1604 421; x_wconf 85' lang='lat' dir='ltr'>verraiez</span> <span class='ocrx_word' id='word_1_59' title='bbox 1622 394 1655 421; x_wconf 82' lang='lat' dir='ltr'>et</span> <span class='ocrx_word' id='word_1_60' title='bbox 1672 390 1701 421; x_wconf 93' lang='lat' dir='ltr'>le</span> <span class='ocrx_word' id='word_1_61' title='bbox 1718 389 1767 421; x_wconf 81' lang='lat' dir='ltr'>dit</span> <span class='ocrx_word' id='word_1_62' title='bbox 1784 400 1838 420; x_wconf 90' lang='grc'><strong>611-</strong></span> 
     </span>
     <span class='ocr_line' id='line_1_6' title="bbox 494 439 1839 480; baseline -0.001 -9"><span class='ocrx_word' id='word_1_63' title='bbox 494 444 607 480; x_wconf 86' lang='lat' dir='ltr'>queste</span> <span class='ocrx_word' id='word_1_64' title='bbox 622 440 701 472; x_wconf 85' lang='lat' dir='ltr'>fuist</span> <span class='ocrx_word' id='word_1_65' title='bbox 717 440 777 472; x_wconf 75' lang='lat' dir='ltr'>fait</span> <span class='ocrx_word' id='word_1_66' title='bbox 792 451 831 471; x_wconf 91' lang='lat' dir='ltr'>en</span> <span class='ocrx_word' id='word_1_67' title='bbox 846 440 1013 472; x_wconf 81' lang='lat' dir='ltr'>fauorable</span> <span class='ocrx_word' id='word_1_68' title='bbox 1027 450 1157 472; x_wconf 80' lang='lat' dir='ltr'>manere</span> <span class='ocrx_word' id='word_1_69' title='bbox 1172 451 1254 479; x_wconf 88' lang='lat' dir='ltr'>pour</span> <span class='ocrx_word' id='word_1_70' title='bbox 1268 440 1313 471; x_wconf 86' lang='lat' dir='ltr'>les</span> <span class='ocrx_word' id='word_1_71' title='bbox 1328 440 1394 471; x_wconf 86' lang='lat' dir='ltr'>ditz</span> <span class='ocrx_word' id='word_1_72' title='bbox 1409 441 1428 472; x_wconf 89' lang='lat' dir='ltr'>J</span> <span class='ocrx_word' id='word_1_73' title='bbox 1431 450 1518 471; x_wconf 83' lang='lat' dir='ltr'>ames</span> <span class='ocrx_word' id='word_1_74' title='bbox 1533 444 1566 471; x_wconf 84' lang='lat' dir='ltr'>et</span> <span class='ocrx_word' id='word_1_75' title='bbox 1581 439 1731 471; x_wconf 88' lang='lat' dir='ltr'>Anselme</span> <span class='ocrx_word' id='word_1_76' title='bbox 1745 443 1778 471; x_wconf 90' lang='lat' dir='ltr'>et</span> <span class='ocrx_word' id='word_1_77' title='bbox 1793 439 1839 470; x_wconf 86' lang='lat' dir='ltr'>les</span> 
     </span>
     <span class='ocr_line' id='line_1_7' title="bbox 495 489 1838 529; baseline -0.001 -8"><span class='ocrx_word' id='word_1_78' title='bbox 495 490 561 521; x_wconf 78' lang='lat' dir='ltr'>ditz</span> <span class='ocrx_word' id='word_1_79' title='bbox 577 491 595 522; x_wconf 89' lang='lat' dir='ltr'>J</span> <span class='ocrx_word' id='word_1_80' title='bbox 599 490 683 521; x_wconf 83' lang='lat' dir='ltr'>ohan</span> <span class='ocrx_word' id='word_1_81' title='bbox 700 490 834 521; x_wconf 88' lang='lat' dir='ltr'>Berkele</span> <span class='ocrx_word' id='word_1_82' title='bbox 849 494 882 522; x_wconf 85' lang='lat' dir='ltr'>et</span> <span class='ocrx_word' id='word_1_83' title='bbox 898 501 947 522; x_wconf 88' lang='lat' dir='ltr'>ses</span> <span class='ocrx_word' id='word_1_84' title='bbox 964 490 1193 529; x_wconf 83' lang='lat' dir='ltr'>compaignons</span> <span class='ocrx_word' id='word_1_85' title='bbox 1209 490 1377 522; x_wconf 87' lang='lat' dir='ltr'>aloueront</span> <span class='ocrx_word' id='word_1_86' title='bbox 1392 489 1438 521; x_wconf 90' lang='lat' dir='ltr'>les</span> <span class='ocrx_word' id='word_1_87' title='bbox 1453 489 1623 528; x_wconf 85' lang='lat' dir='ltr'>chalanges</span> <span class='ocrx_word' id='word_1_88' title='bbox 1639 489 1683 520; x_wconf 93' lang='lat' dir='ltr'>du</span> <span class='ocrx_word' id='word_1_89' title='bbox 1699 489 1748 520; x_wconf 83' lang='lat' dir='ltr'>dit</span> <span class='ocrx_word' id='word_1_90' title='bbox 1764 499 1838 527; x_wconf 87' lang='lat' dir='ltr'>sup-</span> 
     </span>
     <span class='ocr_line' id='line_1_8' title="bbox 494 538 1840 579; baseline -0.001 -8"><span class='ocrx_word' id='word_1_91' title='bbox 494 540 599 578; x_wconf 79' lang='lat' dir='ltr'>pliant</span> <span class='ocrx_word' id='word_1_92' title='bbox 613 544 646 571; x_wconf 87' lang='lat' dir='ltr'>et</span> <span class='ocrx_word' id='word_1_93' title='bbox 660 550 700 570; x_wconf 91' lang='lat' dir='ltr'>ne</span> <span class='ocrx_word' id='word_1_94' title='bbox 715 540 879 571; x_wconf 84' lang='lat' dir='ltr'>voudront</span> <span class='ocrx_word' id='word_1_95' title='bbox 892 550 965 578; x_wconf 93' lang='lat' dir='ltr'>mys</span> <span class='ocrx_word' id='word_1_96' title='bbox 980 539 1115 578; x_wconf 85' lang='lat' dir='ltr'>prendre</span> <span class='ocrx_word' id='word_1_97' title='bbox 1130 540 1206 571; x_wconf 87' lang='lat' dir='ltr'>celle</span> <span class='ocrx_word' id='word_1_98' title='bbox 1220 543 1384 579; x_wconf 88' lang='lat' dir='ltr'>enqueste.</span> <span class='ocrx_word' id='word_1_99' title='bbox 1422 540 1466 571; x_wconf 80' lang='lat' dir='ltr'>Et</span> <span class='ocrx_word' id='word_1_100' title='bbox 1480 539 1552 578; x_wconf 90' lang='lat' dir='ltr'>puis</span> <span class='ocrx_word' id='word_1_101' title='bbox 1568 550 1587 570; x_wconf 83' lang='lat' dir='ltr'>a</span> <span class='ocrx_word' id='word_1_102' title='bbox 1600 550 1644 570; x_wconf 92' lang='lat' dir='ltr'>un</span> <span class='ocrx_word' id='word_1_103' title='bbox 1659 542 1752 570; x_wconf 86' lang='lat' dir='ltr'>autre</span> <span class='ocrx_word' id='word_1_104' title='bbox 1765 538 1840 578; x_wconf 89' lang='lat' dir='ltr'>jour</span> 
     </span>
     <span class='ocr_line' id='line_1_9' title="bbox 495 589 1838 628; baseline -0.001 -7"><span class='ocrx_word' id='word_1_105' title='bbox 495 589 540 621; x_wconf 91' lang='lat' dir='ltr'>les</span> <span class='ocrx_word' id='word_1_106' title='bbox 557 589 623 621; x_wconf 79' lang='lat' dir='ltr'>ditz</span> <span class='ocrx_word' id='word_1_107' title='bbox 642 590 766 621; x_wconf 78' lang='lat' dir='ltr'>Robert</span> <span class='ocrx_word' id='word_1_108' title='bbox 783 594 816 621; x_wconf 85' lang='lat' dir='ltr'>et</span> <span class='ocrx_word' id='word_1_109' title='bbox 834 590 958 621; x_wconf 79' lang='lat' dir='ltr'>Robert</span> <span class='ocrx_word' id='word_1_110' title='bbox 975 600 1050 621; x_wconf 83' lang='lat' dir='ltr'>sanz</span> <span class='ocrx_word' id='word_1_111' title='bbox 1068 600 1166 621; x_wconf 86' lang='lat' dir='ltr'>ascun</span> <span class='ocrx_word' id='word_1_112' title='bbox 1185 594 1277 621; x_wconf 84' lang='lat' dir='ltr'>autre</span> <span class='ocrx_word' id='word_1_113' title='bbox 1294 589 1334 620; x_wconf 92' lang='lat' dir='ltr'>de</span> <span class='ocrx_word' id='word_1_114' title='bbox 1350 589 1421 621; x_wconf 91' lang='lat' dir='ltr'>lour</span> <span class='ocrx_word' id='word_1_115' title='bbox 1436 589 1666 628; x_wconf 82' lang='lat' dir='ltr'>compaignons</span> <span class='ocrx_word' id='word_1_116' title='bbox 1681 589 1778 620; x_wconf 87' lang='lat' dir='ltr'>firont</span> <span class='ocrx_word' id='word_1_117' title='bbox 1794 598 1838 619; x_wconf 91' lang='lat' dir='ltr'>un</span> 
     </span>
     <span class='ocr_line' id='line_1_10' title="bbox 495 638 1840 678; baseline 0 -8"><span class='ocrx_word' id='word_1_118' title='bbox 495 643 588 671; x_wconf 86' lang='lat' dir='ltr'>autre</span> <span class='ocrx_word' id='word_1_119' title='bbox 604 640 723 671; x_wconf 91' lang='lat' dir='ltr'>session</span> <span class='ocrx_word' id='word_1_120' title='bbox 740 651 759 671; x_wconf 90' lang='lat' dir='ltr'>a</span> <span class='ocrx_word' id='word_1_121' title='bbox 775 640 957 671; x_wconf 78' lang='lat' dir='ltr'>lauantdite</span> <span class='ocrx_word' id='word_1_122' title='bbox 974 640 1162 672; x_wconf 78' lang='lat' dir='ltr'>Gloucestre</span> <span class='ocrx_word' id='word_1_123' title='bbox 1179 650 1239 678; x_wconf 89' lang='lat' dir='ltr'>pur</span> <span class='ocrx_word' id='word_1_124' title='bbox 1254 650 1374 670; x_wconf 90' lang='lat' dir='ltr'>mesme</span> <span class='ocrx_word' id='word_1_125' title='bbox 1390 639 1421 670; x_wconf 86' lang='grc'>13</span> <span class='ocrx_word' id='word_1_126' title='bbox 1436 639 1552 670; x_wconf 83' lang='lat' dir='ltr'>matire</span> <span class='ocrx_word' id='word_1_127' title='bbox 1568 643 1601 670; x_wconf 89' lang='lat' dir='ltr'>et</span> <span class='ocrx_word' id='word_1_128' title='bbox 1617 639 1648 670; x_wconf 95' lang='grc'>13</span> <span class='ocrx_word' id='word_1_129' title='bbox 1664 638 1840 677; x_wconf 74' lang='lat' dir='ltr'>pristeront</span> 
     </span>
     <span class='ocr_line' id='line_1_11' title="bbox 496 688 1839 728; baseline -0.001 -8"><span class='ocrx_word' id='word_1_130' title='bbox 496 700 539 720; x_wconf 91' lang='lat' dir='ltr'>un</span> <span class='ocrx_word' id='word_1_131' title='bbox 556 693 710 728; x_wconf 88' lang='lat' dir='ltr'>enqueste</span> <span class='ocrx_word' id='word_1_132' title='bbox 727 690 766 720; x_wconf 91' lang='lat' dir='ltr'>de</span> <span class='ocrx_word' id='word_1_133' title='bbox 782 700 919 721; x_wconf 91' lang='lat' dir='ltr'>mesmes</span> <span class='ocrx_word' id='word_1_134' title='bbox 936 700 1013 721; x_wconf 85' lang='lat' dir='ltr'>ceux</span> <span class='ocrx_word' id='word_1_135' title='bbox 1030 700 1069 728; x_wconf 88' lang='lat' dir='ltr'>qe</span> <span class='ocrx_word' id='word_1_136' title='bbox 1086 689 1153 721; x_wconf 88' lang='lat' dir='ltr'>ensi</span> <span class='ocrx_word' id='word_1_137' title='bbox 1169 689 1296 721; x_wconf 83' lang='lat' dir='ltr'>feurent</span> <span class='ocrx_word' id='word_1_138' title='bbox 1312 699 1463 728; x_wconf 84' lang='lat' dir='ltr'>procurez</span> <span class='ocrx_word' id='word_1_139' title='bbox 1477 699 1535 727; x_wconf 85' lang='lat' dir='ltr'>par</span> <span class='ocrx_word' id='word_1_140' title='bbox 1548 688 1592 720; x_wconf 89' lang='lat' dir='ltr'>les</span> <span class='ocrx_word' id='word_1_141' title='bbox 1606 688 1672 720; x_wconf 79' lang='lat' dir='ltr'>clitz</span> <span class='ocrx_word' id='word_1_142' title='bbox 1685 689 1705 719; x_wconf 87' lang='lat' dir='ltr'>J</span> <span class='ocrx_word' id='word_1_143' title='bbox 1707 698 1795 719; x_wconf 83' lang='lat' dir='ltr'>ames</span> <span class='ocrx_word' id='word_1_144' title='bbox 1805 691 1839 719; x_wconf 79' lang='lat' dir='ltr'>et</span> 
     </span>
     <span class='ocr_line' id='line_1_12' title="bbox 495 737 1839 778; baseline -0.001 -8"><span class='ocrx_word' id='word_1_145' title='bbox 495 739 645 770; x_wconf 89' lang='lat' dir='ltr'>Ansehne</span> <span class='ocrx_word' id='word_1_146' title='bbox 668 743 700 770; x_wconf 90' lang='lat' dir='ltr'>et</span> <span class='ocrx_word' id='word_1_147' title='bbox 723 750 762 778; x_wconf 91' lang='lat' dir='ltr'>qe</span> <span class='ocrx_word' id='word_1_148' title='bbox 784 750 804 771; x_wconf 86' lang='lat' dir='ltr'>a</span> <span class='ocrx_word' id='word_1_149' title='bbox 826 740 896 771; x_wconf 92' lang='lat' dir='ltr'>lour</span> <span class='ocrx_word' id='word_1_150' title='bbox 918 743 1065 778; x_wconf 84' lang='lat' dir='ltr'>custages</span> <span class='ocrx_word' id='word_1_151' title='bbox 1086 739 1260 771; x_wconf 78' lang='lat' dir='ltr'>viendront</span> <span class='ocrx_word' id='word_1_152' title='bbox 1282 750 1301 770; x_wconf 88' lang='lat' dir='ltr'>a</span> <span class='ocrx_word' id='word_1_153' title='bbox 1322 749 1442 770; x_wconf 90' lang='lat' dir='ltr'>mesme</span> <span class='ocrx_word' id='word_1_154' title='bbox 1465 739 1495 769; x_wconf 92' lang='lat' dir='ltr'>la</span> <span class='ocrx_word' id='word_1_155' title='bbox 1517 738 1591 769; x_wconf 83' lang='lat' dir='ltr'>ville</span> <span class='ocrx_word' id='word_1_156' title='bbox 1614 742 1647 769; x_wconf 81' lang='lat' dir='ltr'>et</span> <span class='ocrx_word' id='word_1_157' title='bbox 1669 748 1708 777; x_wconf 88' lang='lat' dir='ltr'>qe</span> <span class='ocrx_word' id='word_1_158' title='bbox 1730 737 1839 769; x_wconf 79' lang='lat' dir='ltr'>furent</span> 
     </span>
     <span class='ocr_line' id='line_1_13' title="bbox 496 788 1839 828; baseline -0.001 -9"><span class='ocrx_word' id='word_1_159' title='bbox 496 789 667 828; x_wconf 82' lang='lat' dir='ltr'>chalanges</span> <span class='ocrx_word' id='word_1_160' title='bbox 682 800 699 820; x_wconf 91' lang='lat' dir='ltr'>e</span> <span class='ocrx_word' id='word_1_161' title='bbox 715 789 792 820; x_wconf 85' lang='lat' dir='ltr'>triez</span> <span class='ocrx_word' id='word_1_162' title='bbox 809 790 883 821; x_wconf 88' lang='lat' dir='ltr'>hors</span> <span class='ocrx_word' id='word_1_163' title='bbox 899 789 938 820; x_wconf 93' lang='lat' dir='ltr'>de</span> <span class='ocrx_word' id='word_1_164' title='bbox 954 789 1120 828; x_wconf 85' lang='lat' dir='ltr'>lenqueste</span> <span class='ocrx_word' id='word_1_165' title='bbox 1136 789 1278 820; x_wconf 85' lang='lat' dir='ltr'>adeuant</span> <span class='ocrx_word' id='word_1_166' title='bbox 1294 800 1353 827; x_wconf 83' lang='lat' dir='ltr'>par</span> <span class='ocrx_word' id='word_1_167' title='bbox 1368 788 1413 819; x_wconf 88' lang='lat' dir='ltr'>les</span> <span class='ocrx_word' id='word_1_168' title='bbox 1429 799 1539 819; x_wconf 87' lang='lat' dir='ltr'>causes</span> <span class='ocrx_word' id='word_1_169' title='bbox 1555 788 1688 819; x_wconf 83' lang='lat' dir='ltr'>suisditz</span> <span class='ocrx_word' id='word_1_170' title='bbox 1704 798 1763 826; x_wconf 81' lang='lat' dir='ltr'>par</span> <span class='ocrx_word' id='word_1_171' title='bbox 1778 797 1839 818; x_wconf 87' lang='lat' dir='ltr'>eux</span> 
     </span>
     <span class='ocr_line' id='line_1_14' title="bbox 496 837 1838 878; baseline -0.001 -9"><span class='ocrx_word' id='word_1_172' title='bbox 496 842 529 870; x_wconf 84' lang='lat' dir='ltr'>et</span> <span class='ocrx_word' id='word_1_173' title='bbox 542 850 600 877; x_wconf 86' lang='lat' dir='ltr'>par</span> <span class='ocrx_word' id='word_1_174' title='bbox 613 839 683 870; x_wconf 93' lang='lat' dir='ltr'>lour</span> <span class='ocrx_word' id='word_1_175' title='bbox 695 839 925 878; x_wconf 83' lang='lat' dir='ltr'>compaignons</span> <span class='ocrx_word' id='word_1_176' title='bbox 937 839 1027 870; x_wconf 84' lang='lat' dir='ltr'>nient</span> <span class='ocrx_word' id='word_1_177' title='bbox 1041 839 1186 870; x_wconf 84' lang='lat' dir='ltr'>allouant</span> <span class='ocrx_word' id='word_1_178' title='bbox 1199 850 1218 870; x_wconf 88' lang='lat' dir='ltr'>a</span> <span class='ocrx_word' id='word_1_179' title='bbox 1231 839 1307 870; x_wconf 86' lang='lat' dir='ltr'>celle</span> <span class='ocrx_word' id='word_1_180' title='bbox 1319 838 1403 869; x_wconf 35' lang='lat' dir='ltr'>foitsh</span> <span class='ocrx_word' id='word_1_181' title='bbox 1416 849 1451 869; x_wconf 87' lang='lat' dir='ltr'>as</span> <span class='ocrx_word' id='word_1_182' title='bbox 1464 838 1530 869; x_wconf 85' lang='lat' dir='ltr'>ditz</span> <span class='ocrx_word' id='word_1_183' title='bbox 1543 837 1726 876; x_wconf 82' lang='lat' dir='ltr'>suppliantz</span> <span class='ocrx_word' id='word_1_184' title='bbox 1740 847 1838 868; x_wconf 88' lang='grc'><strong>3561111</strong></span> 
     </span>
     <span class='ocr_line' id='line_1_15' title="bbox 497 888 1840 927; baseline -0.001 -8"><span class='ocrx_word' id='word_1_185' title='bbox 497 888 651 927; x_wconf 82' lang='lat' dir='ltr'>chalange</span> <span class='ocrx_word' id='word_1_186' title='bbox 669 889 730 927; x_wconf 87' lang='lat' dir='ltr'>qils</span> <span class='ocrx_word' id='word_1_187' title='bbox 748 890 845 920; x_wconf 82' lang='lat' dir='ltr'>firont</span> <span class='ocrx_word' id='word_1_188' title='bbox 864 900 945 927; x_wconf 90' lang='lat' dir='ltr'>pour</span> <span class='ocrx_word' id='word_1_189' title='bbox 963 889 1007 919; x_wconf 85' lang='lat' dir='ltr'>les</span> <span class='ocrx_word' id='word_1_190' title='bbox 1027 899 1137 920; x_wconf 80' lang='lat' dir='ltr'>causes</span> <span class='ocrx_word' id='word_1_191' title='bbox 1156 889 1288 920; x_wconf 84' lang='lat' dir='ltr'>suisditz</span> <span class='ocrx_word' id='word_1_192' title='bbox 1308 888 1336 919; x_wconf 89' lang='lat' dir='ltr'>le</span> <span class='ocrx_word' id='word_1_193' title='bbox 1354 888 1429 926; x_wconf 88' lang='lat' dir='ltr'>quel</span> <span class='ocrx_word' id='word_1_194' title='bbox 1446 892 1569 918; x_wconf 82' lang='lat' dir='ltr'>matere</span> <span class='ocrx_word' id='word_1_195' title='bbox 1587 891 1620 919; x_wconf 88' lang='lat' dir='ltr'>et</span> <span class='ocrx_word' id='word_1_196' title='bbox 1638 896 1840 925; x_wconf 83' lang='lat' dir='ltr'>gouernance</span> 
     </span>
     <span class='ocr_line' id='line_1_16' title="bbox 496 936 1840 970; baseline -0.002 -1"><span class='ocrx_word' id='word_1_197' title='bbox 496 949 515 969; x_wconf 87' lang='lat' dir='ltr'>a</span> <span class='ocrx_word' id='word_1_198' title='bbox 533 938 608 969; x_wconf 87' lang='lat' dir='ltr'>celle</span> <span class='ocrx_word' id='word_1_199' title='bbox 625 939 750 969; x_wconf 83' lang='lat' dir='ltr'>(larrein</span> <span class='ocrx_word' id='word_1_200' title='bbox 768 939 887 970; x_wconf 90' lang='lat' dir='ltr'>session</span> <span class='ocrx_word' id='word_1_201' title='bbox 904 943 953 970; x_wconf 79' lang='lat' dir='ltr'>est</span> <span class='ocrx_word' id='word_1_202' title='bbox 970 939 1043 969; x_wconf 86' lang='lat' dir='ltr'>bien</span> <span class='ocrx_word' id='word_1_203' title='bbox 1061 949 1161 969; x_wconf 84' lang='lat' dir='ltr'>conuz</span> <span class='ocrx_word' id='word_1_204' title='bbox 1178 949 1214 969; x_wconf 85' lang='lat' dir='ltr'>as</span> <span class='ocrx_word' id='word_1_205' title='bbox 1230 938 1296 969; x_wconf 81' lang='lat' dir='ltr'>ditz</span> <span class='ocrx_word' id='word_1_206' title='bbox 1313 938 1419 969; x_wconf 80' lang='lat' dir='ltr'>Johan</span> <span class='ocrx_word' id='word_1_207' title='bbox 1436 937 1570 968; x_wconf 88' lang='lat' dir='ltr'>Berkele</span> <span class='ocrx_word' id='word_1_208' title='bbox 1586 941 1619 968; x_wconf 89' lang='lat' dir='ltr'>et</span> <span class='ocrx_word' id='word_1_209' title='bbox 1636 936 1778 968; x_wconf 88' lang='lat' dir='ltr'>Richard</span> <span class='ocrx_word' id='word_1_210' title='bbox 1795 936 1840 967; x_wconf 86' lang='lat' dir='ltr'>les</span> 
     </span>
     <span class='ocr_line' id='line_1_17' title="bbox 496 987 1841 1027; baseline -0.002 -8"><span class='ocrx_word' id='word_1_211' title='bbox 496 998 602 1027; x_wconf 86' lang='lat' dir='ltr'>queux</span> <span class='ocrx_word' id='word_1_212' title='bbox 621 992 694 1019; x_wconf 81' lang='lat' dir='ltr'>sont</span> <span class='ocrx_word' id='word_1_213' title='bbox 713 998 767 1019; x_wconf 90' lang='lat' dir='ltr'>ore</span> <span class='ocrx_word' id='word_1_214' title='bbox 785 999 824 1019; x_wconf 91' lang='lat' dir='ltr'>en</span> <span class='ocrx_word' id='word_1_215' title='bbox 844 993 928 1019; x_wconf 83' lang='lat' dir='ltr'>ceste</span> <span class='ocrx_word' id='word_1_216' title='bbox 947 988 1039 1019; x_wconf 85' lang='lat' dir='ltr'>Citee</span> <span class='ocrx_word' id='word_1_217' title='bbox 1058 989 1097 1019; x_wconf 94' lang='lat' dir='ltr'>de</span> <span class='ocrx_word' id='word_1_218' title='bbox 1116 988 1268 1019; x_wconf 85' lang='lat' dir='ltr'>Londres.</span> <span class='ocrx_word' id='word_1_219' title='bbox 1310 989 1374 1018; x_wconf 90' lang='lat' dir='ltr'>Pur</span> <span class='ocrx_word' id='word_1_220' title='bbox 1392 998 1479 1026; x_wconf 89' lang='lat' dir='ltr'>quoy</span> <span class='ocrx_word' id='word_1_221' title='bbox 1495 998 1576 1018; x_wconf 92' lang='lat' dir='ltr'>vous</span> <span class='ocrx_word' id='word_1_222' title='bbox 1595 987 1680 1025; x_wconf 90' lang='lat' dir='ltr'>plese</span> <span class='ocrx_word' id='word_1_223' title='bbox 1699 990 1841 1024; x_wconf 83' lang='lat' dir='ltr'>tressage</span> 
     </span>
     <span class='ocr_line' id='line_1_18' title="bbox 496 1036 1841 1076; baseline -0.001 -7"><span class='ocrx_word' id='word_1_224' title='bbox 496 1038 659 1076; x_wconf 85' lang='lat' dir='ltr'>seignours</span> <span class='ocrx_word' id='word_1_225' title='bbox 676 1042 708 1069; x_wconf 84' lang='lat' dir='ltr'>et</span> <span class='ocrx_word' id='word_1_226' title='bbox 725 1039 869 1069; x_wconf 89' lang='lat' dir='ltr'>Comuns</span> <span class='ocrx_word' id='word_1_227' title='bbox 885 1038 925 1069; x_wconf 91' lang='lat' dir='ltr'>de</span> <span class='ocrx_word' id='word_1_228' title='bbox 941 1038 1019 1069; x_wconf 84' lang='lat' dir='ltr'>faire</span> <span class='ocrx_word' id='word_1_229' title='bbox 1035 1037 1126 1069; x_wconf 80' lang='lat' dir='ltr'>venir</span> <span class='ocrx_word' id='word_1_230' title='bbox 1142 1038 1264 1069; x_wconf 84' lang='lat' dir='ltr'>deuant</span> <span class='ocrx_word' id='word_1_231' title='bbox 1280 1048 1361 1068; x_wconf 92' lang='lat' dir='ltr'>vous</span> <span class='ocrx_word' id='word_1_232' title='bbox 1377 1047 1415 1067; x_wconf 93' lang='lat' dir='ltr'>en</span> <span class='ocrx_word' id='word_1_233' title='bbox 1433 1040 1499 1068; x_wconf 85' lang='lat' dir='ltr'>cest</span> <span class='ocrx_word' id='word_1_234' title='bbox 1516 1040 1644 1075; x_wconf 86' lang='lat' dir='ltr'>present</span> <span class='ocrx_word' id='word_1_235' title='bbox 1661 1036 1841 1075; x_wconf 76' lang='lat' dir='ltr'>parlement</span> 
     </span>
     <span class='ocr_line' id='line_1_19' title="bbox 496 1085 1842 1126; baseline -0.001 -8"><span class='ocrx_word' id='word_1_236' title='bbox 496 1087 541 1118; x_wconf 89' lang='lat' dir='ltr'>les</span> <span class='ocrx_word' id='word_1_237' title='bbox 552 1087 618 1119; x_wconf 83' lang='lat' dir='ltr'>ditz</span> <span class='ocrx_word' id='word_1_238' title='bbox 630 1088 735 1119; x_wconf 79' lang='grc' dir='ltr'>ι1011311</span> <span class='ocrx_word' id='word_1_239' title='bbox 748 1087 882 1118; x_wconf 90' lang='lat' dir='ltr'>Berkele</span> <span class='ocrx_word' id='word_1_240' title='bbox 893 1091 926 1119; x_wconf 90' lang='lat' dir='ltr'>et</span> <span class='ocrx_word' id='word_1_241' title='bbox 938 1087 1079 1119; x_wconf 83' lang='lat' dir='ltr'>Richard</span> <span class='ocrx_word' id='word_1_242' title='bbox 1091 1098 1197 1126; x_wconf 81' lang='lat' dir='ltr'>queux</span> <span class='ocrx_word' id='word_1_243' title='bbox 1209 1091 1283 1118; x_wconf 83' lang='lat' dir='ltr'>sont</span> <span class='ocrx_word' id='word_1_244' title='bbox 1294 1098 1347 1118; x_wconf 93' lang='lat' dir='ltr'>ore</span> <span class='ocrx_word' id='word_1_245' title='bbox 1359 1098 1398 1117; x_wconf 92' lang='lat' dir='ltr'>en</span> <span class='ocrx_word' id='word_1_246' title='bbox 1410 1087 1553 1117; x_wconf 91' lang='lat' dir='ltr'>Londres</span> <span class='ocrx_word' id='word_1_247' title='bbox 1564 1090 1596 1117; x_wconf 91' lang='lat' dir='ltr'>et</span> <span class='ocrx_word' id='word_1_248' title='bbox 1608 1097 1668 1117; x_wconf 84' lang='lat' dir='ltr'>eux</span> <span class='ocrx_word' id='word_1_249' title='bbox 1679 1085 1842 1117; x_wconf 83' lang='lat' dir='ltr'>examiner</span> 
     </span>
     <span class='ocr_line' id='line_1_20' title="bbox 497 1135 1841 1177; baseline -0.001 -9"><span class='ocrx_word' id='word_1_250' title='bbox 497 1147 551 1168; x_wconf 91' lang='lat' dir='ltr'>sur</span> <span class='ocrx_word' id='word_1_251' title='bbox 566 1137 641 1168; x_wconf 85' lang='lat' dir='ltr'>celle</span> <span class='ocrx_word' id='word_1_252' title='bbox 656 1137 771 1168; x_wconf 81' lang='lat' dir='ltr'>matire</span> <span class='ocrx_word' id='word_1_253' title='bbox 786 1142 819 1169; x_wconf 83' lang='lat' dir='ltr'>et</span> <span class='ocrx_word' id='word_1_254' title='bbox 834 1148 888 1169; x_wconf 89' lang='lat' dir='ltr'>sur</span> <span class='ocrx_word' id='word_1_255' title='bbox 903 1148 938 1168; x_wconf 88' lang='lat' dir='ltr'>ce</span> <span class='ocrx_word' id='word_1_256' title='bbox 952 1137 1119 1177; x_wconf 85' lang='lat' dir='ltr'>ordeigner</span> <span class='ocrx_word' id='word_1_257' title='bbox 1132 1148 1231 1169; x_wconf 85' lang='lat' dir='ltr'>ascun</span> <span class='ocrx_word' id='word_1_258' title='bbox 1247 1137 1385 1168; x_wconf 86' lang='lat' dir='ltr'>remedie</span> <span class='ocrx_word' id='word_1_259' title='bbox 1400 1136 1535 1175; x_wconf 86' lang='lat' dir='ltr'>especial</span> <span class='ocrx_word' id='word_1_260' title='bbox 1551 1147 1611 1175; x_wconf 87' lang='lat' dir='ltr'>pur</span> <span class='ocrx_word' id='word_1_261' title='bbox 1626 1136 1670 1167; x_wconf 89' lang='lat' dir='ltr'>les</span> <span class='ocrx_word' id='word_1_262' title='bbox 1685 1135 1751 1166; x_wconf 88' lang='lat' dir='ltr'>ditz</span> <span class='ocrx_word' id='word_1_263' title='bbox 1766 1145 1841 1173; x_wconf 90' lang='lat' dir='ltr'>sup-</span> 
     </span>
     <span class='ocr_line' id='line_1_21' title="bbox 496 1186 1841 1226; baseline -0.001 -9"><span class='ocrx_word' id='word_1_264' title='bbox 496 1187 632 1226; x_wconf 78' lang='lat' dir='ltr'>pliantz;</span> <span class='ocrx_word' id='word_1_265' title='bbox 663 1187 897 1218; x_wconf 81' lang='lat' dir='ltr'>Considerantz</span> <span class='ocrx_word' id='word_1_266' title='bbox 914 1187 1126 1226; x_wconf 83' lang='lat' dir='ltr'>tresgracious</span> <span class='ocrx_word' id='word_1_267' title='bbox 1142 1187 1303 1226; x_wconf 84' lang='lat' dir='ltr'>seigneurs</span> <span class='ocrx_word' id='word_1_268' title='bbox 1320 1190 1352 1218; x_wconf 82' lang='lat' dir='ltr'>et</span> <span class='ocrx_word' id='word_1_269' title='bbox 1369 1196 1537 1218; x_wconf 89' lang='lat' dir='ltr'>communs</span> <span class='ocrx_word' id='word_1_270' title='bbox 1553 1196 1592 1224; x_wconf 89' lang='lat' dir='ltr'>qe</span> <span class='ocrx_word' id='word_1_271' title='bbox 1609 1186 1653 1217; x_wconf 90' lang='lat' dir='ltr'>les</span> <span class='ocrx_word' id='word_1_272' title='bbox 1669 1186 1792 1217; x_wconf 87' lang='lat' dir='ltr'>officers</span> <span class='ocrx_word' id='word_1_273' title='bbox 1807 1188 1841 1216; x_wconf 75' lang='lat' dir='ltr'>et</span> 
     </span>
     <span class='ocr_line' id='line_1_22' title="bbox 496 1236 1841 1277; baseline -0.002 -9"><span class='ocrx_word' id='word_1_274' title='bbox 496 1237 631 1268; x_wconf 89' lang='lat' dir='ltr'>Jurours</span> <span class='ocrx_word' id='word_1_275' title='bbox 650 1237 693 1268; x_wconf 92' lang='lat' dir='ltr'>du</span> <span class='ocrx_word' id='word_1_276' title='bbox 713 1237 761 1268; x_wconf 86' lang='lat' dir='ltr'>dit</span> <span class='ocrx_word' id='word_1_277' title='bbox 780 1248 861 1276; x_wconf 83' lang='lat' dir='ltr'>pays</span> <span class='ocrx_word' id='word_1_278' title='bbox 880 1241 954 1268; x_wconf 87' lang='lat' dir='ltr'>sont</span> <span class='ocrx_word' id='word_1_279' title='bbox 973 1248 1051 1277; x_wconf 88' lang='lat' dir='ltr'>ensy</span> <span class='ocrx_word' id='word_1_280' title='bbox 1070 1237 1110 1268; x_wconf 89' lang='lat' dir='ltr'>de</span> <span class='ocrx_word' id='word_1_281' title='bbox 1128 1237 1159 1268; x_wconf 91' lang='grc'>13</span> <span class='ocrx_word' id='word_1_282' title='bbox 1178 1247 1302 1275; x_wconf 89' lang='lat' dir='ltr'>couyne</span> <span class='ocrx_word' id='word_1_283' title='bbox 1321 1241 1353 1268; x_wconf 87' lang='lat' dir='ltr'>et</span> <span class='ocrx_word' id='word_1_284' title='bbox 1374 1236 1495 1267; x_wconf 87' lang='lat' dir='ltr'>affinite</span> <span class='ocrx_word' id='word_1_285' title='bbox 1516 1236 1572 1267; x_wconf 90' lang='lat' dir='ltr'>des</span> <span class='ocrx_word' id='word_1_286' title='bbox 1592 1236 1658 1267; x_wconf 84' lang='lat' dir='ltr'>ditz</span> <span class='ocrx_word' id='word_1_287' title='bbox 1678 1236 1788 1266; x_wconf 70' lang='grc' dir='ltr'>ι1311165</span> <span class='ocrx_word' id='word_1_288' title='bbox 1807 1237 1841 1266; x_wconf 80' lang='lat' dir='ltr'>et</span> 
     </span>
     <span class='ocr_line' id='line_1_23' title="bbox 496 1285 1841 1326; baseline -0.002 -9"><span class='ocrx_word' id='word_1_289' title='bbox 496 1287 646 1318; x_wconf 89' lang='lat' dir='ltr'>Ansehne</span> <span class='ocrx_word' id='word_1_290' title='bbox 667 1291 700 1318; x_wconf 85' lang='lat' dir='ltr'>et</span> <span class='ocrx_word' id='word_1_291' title='bbox 720 1287 787 1318; x_wconf 90' lang='lat' dir='ltr'>ensi</span> <span class='ocrx_word' id='word_1_292' title='bbox 808 1298 867 1326; x_wconf 85' lang='lat' dir='ltr'>par</span> <span class='ocrx_word' id='word_1_293' title='bbox 887 1298 947 1318; x_wconf 89' lang='lat' dir='ltr'>eux</span> <span class='ocrx_word' id='word_1_294' title='bbox 968 1298 1119 1326; x_wconf 86' lang='lat' dir='ltr'>procurez</span> <span class='ocrx_word' id='word_1_295' title='bbox 1141 1297 1180 1326; x_wconf 90' lang='lat' dir='ltr'>qe</span> <span class='ocrx_word' id='word_1_296' title='bbox 1200 1287 1245 1318; x_wconf 92' lang='lat' dir='ltr'>les</span> <span class='ocrx_word' id='word_1_297' title='bbox 1266 1286 1332 1317; x_wconf 89' lang='lat' dir='ltr'>(litz</span> <span class='ocrx_word' id='word_1_298' title='bbox 1354 1286 1537 1324; x_wconf 84' lang='lat' dir='ltr'>suppliantz</span> <span class='ocrx_word' id='word_1_299' title='bbox 1558 1285 1661 1325; x_wconf 84' lang='lat' dir='ltr'>james</span> <span class='ocrx_word' id='word_1_300' title='bbox 1680 1287 1841 1316; x_wconf 83' lang='lat' dir='ltr'>naueront</span> 
     </span>
     <span class='ocr_line' id='line_1_24' title="bbox 497 1333 1841 1376; baseline -0.002 -9"><span class='ocrx_word' id='word_1_301' title='bbox 497 1336 583 1368; x_wconf 85' lang='lat' dir='ltr'>droit</span> <span class='ocrx_word' id='word_1_302' title='bbox 607 1337 720 1367; x_wconf 88' lang='lat' dir='ltr'>deuers</span> <span class='ocrx_word' id='word_1_303' title='bbox 743 1347 804 1368; x_wconf 85' lang='lat' dir='ltr'>eux</span> <span class='ocrx_word' id='word_1_304' title='bbox 827 1347 866 1368; x_wconf 89' lang='lat' dir='ltr'>en</span> <span class='ocrx_word' id='word_1_305' title='bbox 891 1336 967 1368; x_wconf 89' lang='lat' dir='ltr'>celle</span> <span class='ocrx_word' id='word_1_306' title='bbox 991 1348 1081 1376; x_wconf 85' lang='lat' dir='ltr'>pays.</span> <span class='ocrx_word' id='word_1_307' title='bbox 1135 1337 1179 1368; x_wconf 87' lang='lat' dir='ltr'>Et</span> <span class='ocrx_word' id='word_1_308' title='bbox 1203 1336 1276 1368; x_wconf 84' lang='lat' dir='ltr'>auxi</span> <span class='ocrx_word' id='word_1_309' title='bbox 1300 1336 1345 1367; x_wconf 93' lang='lat' dir='ltr'>les</span> <span class='ocrx_word' id='word_1_310' title='bbox 1368 1336 1434 1367; x_wconf 83' lang='lat' dir='ltr'>ditz</span> <span class='ocrx_word' id='word_1_311' title='bbox 1458 1335 1642 1374; x_wconf 82' lang='lat' dir='ltr'>suppliantz</span> <span class='ocrx_word' id='word_1_312' title='bbox 1671 1338 1745 1366; x_wconf 87' lang='lat' dir='ltr'>sont</span> <span class='ocrx_word' id='word_1_313' title='bbox 1773 1333 1841 1365; x_wconf 90' lang='lat' dir='ltr'>ensi</span> 
     </span>
     <span class='ocr_line' id='line_1_25' title="bbox 497 1385 1842 1425; baseline -0.001 -9"><span class='ocrx_word' id='word_1_314' title='bbox 497 1396 673 1425; x_wconf 89' lang='lat' dir='ltr'>enpouerez</span> <span class='ocrx_word' id='word_1_315' title='bbox 694 1390 727 1418; x_wconf 83' lang='lat' dir='ltr'>et</span> <span class='ocrx_word' id='word_1_316' title='bbox 747 1386 886 1418; x_wconf 88' lang='lat' dir='ltr'>anientiz</span> <span class='ocrx_word' id='word_1_317' title='bbox 907 1397 965 1425; x_wconf 87' lang='lat' dir='ltr'>par</span> <span class='ocrx_word' id='word_1_318' title='bbox 984 1387 1029 1418; x_wconf 88' lang='lat' dir='ltr'>les</span> <span class='ocrx_word' id='word_1_319' title='bbox 1049 1386 1180 1418; x_wconf 88' lang='lat' dir='ltr'>orribles</span> <span class='ocrx_word' id='word_1_320' title='bbox 1200 1390 1375 1424; x_wconf 85' lang='lat' dir='ltr'>trespasses</span> <span class='ocrx_word' id='word_1_321' title='bbox 1395 1385 1598 1424; x_wconf 87' lang='lat' dir='ltr'>oppressions</span> <span class='ocrx_word' id='word_1_322' title='bbox 1618 1388 1651 1416; x_wconf 89' lang='lat' dir='ltr'>et</span> <span class='ocrx_word' id='word_1_323' title='bbox 1670 1385 1747 1415; x_wconf 84' lang='lat' dir='ltr'>faux</span> <span class='ocrx_word' id='word_1_324' title='bbox 1767 1394 1842 1415; x_wconf 88' lang='lat' dir='ltr'>con-</span> 
     </span>
     <span class='ocr_line' id='line_1_26' title="bbox 497 1434 1842 1475; baseline -0.003 -7"><span class='ocrx_word' id='word_1_325' title='bbox 497 1436 672 1475; x_wconf 85' lang='lat' dir='ltr'>spiracions</span> <span class='ocrx_word' id='word_1_326' title='bbox 694 1436 827 1468; x_wconf 83' lang='lat' dir='ltr'>suisditz</span> <span class='ocrx_word' id='word_1_327' title='bbox 850 1436 910 1475; x_wconf 91' lang='lat' dir='ltr'>qils</span> <span class='ocrx_word' id='word_1_328' title='bbox 932 1440 1013 1468; x_wconf 88' lang='lat' dir='ltr'>nont</span> <span class='ocrx_word' id='word_1_329' title='bbox 1034 1436 1101 1467; x_wconf 90' lang='lat' dir='ltr'>rien</span> <span class='ocrx_word' id='word_1_330' title='bbox 1124 1437 1205 1468; x_wconf 76' lang='lat' dir='ltr'>dont</span> <span class='ocrx_word' id='word_1_331' title='bbox 1226 1436 1247 1466; x_wconf 91' lang='lat' dir='ltr'>il</span> <span class='ocrx_word' id='word_1_332' title='bbox 1269 1439 1405 1475; x_wconf 87' lang='lat' dir='ltr'>purront</span> <span class='ocrx_word' id='word_1_333' title='bbox 1426 1446 1561 1474; x_wconf 90' lang='lat' dir='ltr'>pursuer</span> <span class='ocrx_word' id='word_1_334' title='bbox 1582 1435 1652 1466; x_wconf 92' lang='lat' dir='ltr'>lour</span> <span class='ocrx_word' id='word_1_335' title='bbox 1674 1434 1759 1465; x_wconf 82' lang='lat' dir='ltr'>droit</span> <span class='ocrx_word' id='word_1_336' title='bbox 1781 1444 1842 1464; x_wconf 83' lang='lat' dir='ltr'>eux</span> 
     </span>
     <span class='ocr_line' id='line_1_27' title="bbox 496 1483 1841 1525; baseline -0.003 -8"><span class='ocrx_word' id='word_1_337' title='bbox 496 1496 633 1517; x_wconf 89' lang='lat' dir='ltr'>mesmes</span> <span class='ocrx_word' id='word_1_338' title='bbox 652 1497 692 1517; x_wconf 90' lang='grc'>116</span> <span class='ocrx_word' id='word_1_339' title='bbox 711 1486 797 1518; x_wconf 89' lang='lat' dir='ltr'>lours</span> <span class='ocrx_word' id='word_1_340' title='bbox 817 1487 947 1517; x_wconf 84' lang='lat' dir='ltr'>enfantz</span> <span class='ocrx_word' id='word_1_341' title='bbox 967 1486 1146 1525; x_wconf 82' lang='lat' dir='ltr'>susteigner</span> <span class='ocrx_word' id='word_1_342' title='bbox 1165 1486 1191 1518; x_wconf 87' lang='lat' dir='ltr'>si</span> <span class='ocrx_word' id='word_1_343' title='bbox 1210 1490 1319 1517; x_wconf 78' lang='lat' dir='ltr'>vostre</span> <span class='ocrx_word' id='word_1_344' title='bbox 1338 1485 1550 1524; x_wconf 82' lang='lat' dir='ltr'>tresgracious</span> <span class='ocrx_word' id='word_1_345' title='bbox 1570 1485 1639 1516; x_wconf 91' lang='lat' dir='ltr'>eide</span> <span class='ocrx_word' id='word_1_346' title='bbox 1657 1494 1698 1515; x_wconf 90' lang='lat' dir='ltr'>ne</span> <span class='ocrx_word' id='word_1_347' title='bbox 1720 1483 1782 1515; x_wconf 83' lang='lat' dir='ltr'>soit</span> <span class='ocrx_word' id='word_1_348' title='bbox 1802 1493 1841 1514; x_wconf 92' lang='lat' dir='ltr'>en</span> 
     </span>
     <span class='ocr_line' id='line_1_28' title="bbox 497 1533 1841 1575; baseline -0.003 -8"><span class='ocrx_word' id='word_1_349' title='bbox 497 1539 564 1567; x_wconf 89' lang='lat' dir='ltr'>cest</span> <span class='ocrx_word' id='word_1_350' title='bbox 581 1540 709 1574; x_wconf 77' lang='lat' dir='ltr'>present</span> <span class='ocrx_word' id='word_1_351' title='bbox 726 1536 906 1575; x_wconf 80' lang='lat' dir='ltr'>parlement</span> <span class='ocrx_word' id='word_1_352' title='bbox 922 1547 980 1574; x_wconf 83' lang='lat' dir='ltr'>par</span> <span class='ocrx_word' id='word_1_353' title='bbox 996 1536 1070 1567; x_wconf 87' lang='lat' dir='ltr'>dieu</span> <span class='ocrx_word' id='word_1_354' title='bbox 1086 1540 1119 1568; x_wconf 86' lang='lat' dir='ltr'>et</span> <span class='ocrx_word' id='word_1_355' title='bbox 1135 1547 1175 1567; x_wconf 91' lang='lat' dir='ltr'>en</span> <span class='ocrx_word' id='word_1_356' title='bbox 1192 1547 1286 1567; x_wconf 92' lang='lat' dir='ltr'>oeure</span> <span class='ocrx_word' id='word_1_357' title='bbox 1302 1536 1342 1566; x_wconf 89' lang='lat' dir='ltr'>de</span> <span class='ocrx_word' id='word_1_358' title='bbox 1359 1535 1491 1566; x_wconf 80' lang='lat' dir='ltr'>charite.</span> <span class='ocrx_word' id='word_1_359' title='bbox 1530 1536 1576 1566; x_wconf 86' lang='lat' dir='ltr'>La</span> <span class='ocrx_word' id='word_1_360' title='bbox 1592 1534 1684 1573; x_wconf 89' lang='lat' dir='ltr'>quele</span> <span class='ocrx_word' id='word_1_361' title='bbox 1701 1533 1841 1572; x_wconf 86' lang='lat' dir='ltr'>peticion</span> 
     </span>
     <span class='ocr_line' id='line_1_29' title="bbox 497 1582 1843 1625; baseline -0.002 -8"><span class='ocrx_word' id='word_1_362' title='bbox 497 1585 576 1617; x_wconf 77' lang='lat' dir='ltr'>fuist</span> <span class='ocrx_word' id='word_1_363' title='bbox 589 1586 741 1617; x_wconf 87' lang='lat' dir='ltr'>endorsee</span> <span class='ocrx_word' id='word_1_364' title='bbox 754 1597 813 1625; x_wconf 85' lang='lat' dir='ltr'>par</span> <span class='ocrx_word' id='word_1_365' title='bbox 826 1586 895 1617; x_wconf 86' lang='lat' dir='ltr'>auis</span> <span class='ocrx_word' id='word_1_366' title='bbox 909 1586 964 1617; x_wconf 91' lang='lat' dir='ltr'>des</span> <span class='ocrx_word' id='word_1_367' title='bbox 978 1586 1044 1617; x_wconf 88' lang='lat' dir='ltr'>ditz</span> <span class='ocrx_word' id='word_1_368' title='bbox 1058 1586 1221 1625; x_wconf 80' lang='lat' dir='ltr'>seignours</span> <span class='ocrx_word' id='word_1_369' title='bbox 1235 1590 1268 1617; x_wconf 80' lang='lat' dir='ltr'>et</span> <span class='ocrx_word' id='word_1_370' title='bbox 1286 1586 1464 1617; x_wconf 87' lang='lat' dir='ltr'>Communs</span> <span class='ocrx_word' id='word_1_371' title='bbox 1482 1595 1521 1616; x_wconf 91' lang='lat' dir='ltr'>en</span> <span class='ocrx_word' id='word_1_372' title='bbox 1540 1595 1591 1616; x_wconf 91' lang='grc'>665</span> <span class='ocrx_word' id='word_1_373' title='bbox 1609 1583 1746 1623; x_wconf 85' lang='lat' dir='ltr'>paroles:</span> <span class='ocrx_word' id='word_1_374' title='bbox 1772 1582 1843 1614; x_wconf 78' lang='lat' dir='ltr'>Soit</span> 
     </span>
     <span class='ocr_line' id='line_1_30' title="bbox 497 1632 1843 1674; baseline -0.002 -8"><span class='ocrx_word' id='word_1_375' title='bbox 497 1635 628 1667; x_wconf 90' lang='lat' dir='ltr'>envoiez</span> <span class='ocrx_word' id='word_1_376' title='bbox 645 1646 705 1674; x_wconf 91' lang='lat' dir='ltr'>pur</span> <span class='ocrx_word' id='word_1_377' title='bbox 720 1637 738 1667; x_wconf 87' lang='lat' dir='ltr'>J</span> <span class='ocrx_word' id='word_1_378' title='bbox 742 1636 826 1667; x_wconf 84' lang='lat' dir='ltr'>ohan</span> <span class='ocrx_word' id='word_1_379' title='bbox 842 1635 976 1667; x_wconf 89' lang='lat' dir='ltr'>Berkele</span> <span class='ocrx_word' id='word_1_380' title='bbox 993 1636 1134 1667; x_wconf 88' lang='lat' dir='ltr'>chiualer</span> <span class='ocrx_word' id='word_1_381' title='bbox 1148 1640 1181 1668; x_wconf 91' lang='lat' dir='ltr'>et</span> <span class='ocrx_word' id='word_1_382' title='bbox 1198 1636 1339 1667; x_wconf 79' lang='lat' dir='ltr'>Richard</span> <span class='ocrx_word' id='word_1_383' title='bbox 1356 1635 1475 1674; x_wconf 81' lang='lat' dir='ltr'>Ruyall</span> <span class='ocrx_word' id='word_1_384' title='bbox 1491 1635 1531 1666; x_wconf 90' lang='lat' dir='ltr'>de</span> <span class='ocrx_word' id='word_1_385' title='bbox 1547 1645 1644 1665; x_wconf 89' lang='lat' dir='ltr'>vener</span> <span class='ocrx_word' id='word_1_386' title='bbox 1660 1634 1782 1664; x_wconf 84' lang='lat' dir='ltr'>deuant</span> <span class='ocrx_word' id='word_1_387' title='bbox 1797 1632 1843 1663; x_wconf 89' lang='lat' dir='ltr'>les</span> 
     </span>
     <span class='ocr_line' id='line_1_31' title="bbox 496 1682 1843 1724; baseline -0.003 -7"><span class='ocrx_word' id='word_1_388' title='bbox 496 1685 661 1724; x_wconf 83' lang='lat' dir='ltr'>seignours</span> <span class='ocrx_word' id='word_1_389' title='bbox 678 1686 717 1716; x_wconf 93' lang='lat' dir='ltr'>de</span> <span class='ocrx_word' id='word_1_390' title='bbox 735 1685 914 1724; x_wconf 84' lang='lat' dir='ltr'>parlement</span> <span class='ocrx_word' id='word_1_391' title='bbox 932 1697 973 1717; x_wconf 96' lang='lat' dir='ltr'>ou</span> <span class='ocrx_word' id='word_1_392' title='bbox 991 1686 1113 1717; x_wconf 83' lang='lat' dir='ltr'>deuant</span> <span class='ocrx_word' id='word_1_393' title='bbox 1129 1685 1158 1717; x_wconf 90' lang='grc'>16</span> <span class='ocrx_word' id='word_1_394' title='bbox 1175 1686 1292 1717; x_wconf 88' lang='grc'><strong>60115611</strong></span> <span class='ocrx_word' id='word_1_395' title='bbox 1309 1689 1418 1717; x_wconf 86' lang='lat' dir='ltr'>nostre</span> <span class='ocrx_word' id='word_1_396' title='bbox 1435 1685 1583 1724; x_wconf 80' lang='lat' dir='ltr'>seignour</span> <span class='ocrx_word' id='word_1_397' title='bbox 1599 1684 1628 1715; x_wconf 92' lang='lat' dir='ltr'>le</span> <span class='ocrx_word' id='word_1_398' title='bbox 1645 1685 1718 1722; x_wconf 87' lang='lat' dir='ltr'>Roy</span> <span class='ocrx_word' id='word_1_399' title='bbox 1735 1682 1843 1714; x_wconf 84' lang='lat' dir='ltr'>destre</span> 
     </span>
     <span class='ocr_line' id='line_1_32' title="bbox 497 1731 1843 1774; baseline -0.002 -9"><span class='ocrx_word' id='word_1_400' title='bbox 497 1735 660 1766; x_wconf 83' lang='lat' dir='ltr'>examinez</span> <span class='ocrx_word' id='word_1_401' title='bbox 677 1746 731 1766; x_wconf 88' lang='lat' dir='ltr'>sur</span> <span class='ocrx_word' id='word_1_402' title='bbox 747 1736 777 1766; x_wconf 89' lang='lat' dir='ltr'>la</span> <span class='ocrx_word' id='word_1_403' title='bbox 793 1736 909 1767; x_wconf 72' lang='lat' dir='ltr'>matii-e</span> <span class='ocrx_word' id='word_1_404' title='bbox 926 1735 1082 1774; x_wconf 86' lang='lat' dir='ltr'>comprise</span> <span class='ocrx_word' id='word_1_405' title='bbox 1098 1746 1137 1767; x_wconf 92' lang='lat' dir='ltr'>en</span> <span class='ocrx_word' id='word_1_406' title='bbox 1155 1739 1239 1767; x_wconf 77' lang='lat' dir='ltr'>ceste</span> <span class='ocrx_word' id='word_1_407' title='bbox 1256 1735 1395 1774; x_wconf 83' lang='lat' dir='ltr'>peticion</span> <span class='ocrx_word' id='word_1_408' title='bbox 1412 1739 1445 1766; x_wconf 79' lang='lat' dir='ltr'>et</span> <span class='ocrx_word' id='word_1_409' title='bbox 1461 1735 1524 1766; x_wconf 79' lang='lat' dir='ltr'>soit</span> <span class='ocrx_word' id='word_1_410' title='bbox 1539 1733 1670 1765; x_wconf 88' lang='lat' dir='ltr'>envoiez</span> <span class='ocrx_word' id='word_1_411' title='bbox 1686 1743 1745 1772; x_wconf 84' lang='lat' dir='ltr'>par</span> <span class='ocrx_word' id='word_1_412' title='bbox 1760 1731 1843 1763; x_wconf 83' lang='lat' dir='ltr'>brief</span> 
     </span>
     <span class='ocr_line' id='line_1_33' title="bbox 497 1781 1842 1823; baseline -0.002 -8"><span class='ocrx_word' id='word_1_413' title='bbox 497 1795 558 1823; x_wconf 88' lang='lat' dir='ltr'>pur</span> <span class='ocrx_word' id='word_1_414' title='bbox 577 1786 686 1816; x_wconf 82' lang='lat' dir='ltr'>James</span> <span class='ocrx_word' id='word_1_415' title='bbox 707 1785 841 1816; x_wconf 85' lang='lat' dir='ltr'>Clifford</span> <span class='ocrx_word' id='word_1_416' title='bbox 862 1789 895 1817; x_wconf 91' lang='lat' dir='ltr'>et</span> <span class='ocrx_word' id='word_1_417' title='bbox 915 1785 1065 1817; x_wconf 87' lang='lat' dir='ltr'>Ansehne</span> <span class='ocrx_word' id='word_1_418' title='bbox 1085 1785 1176 1816; x_wconf 90' lang='lat' dir='ltr'>deinz</span> <span class='ocrx_word' id='word_1_419' title='bbox 1198 1785 1310 1816; x_wconf 83' lang='lat' dir='ltr'>escritz</span> <span class='ocrx_word' id='word_1_420' title='bbox 1331 1785 1437 1816; x_wconf 81' lang='lat' dir='ltr'>destre</span> <span class='ocrx_word' id='word_1_421' title='bbox 1457 1785 1579 1815; x_wconf 83' lang='lat' dir='ltr'>deuant</span> <span class='ocrx_word' id='word_1_422' title='bbox 1599 1784 1628 1814; x_wconf 90' lang='lat' dir='ltr'>le</span> <span class='ocrx_word' id='word_1_423' title='bbox 1648 1782 1777 1814; x_wconf 83' lang='lat' dir='ltr'>Conseil</span> <span class='ocrx_word' id='word_1_424' title='bbox 1797 1781 1842 1812; x_wconf 92' lang='lat' dir='ltr'>du</span> 
     </span>
     <span class='ocr_line' id='line_1_34' title="bbox 498 1832 1842 1874; baseline -0.003 -8"><span class='ocrx_word' id='word_1_425' title='bbox 498 1835 572 1873; x_wconf 88' lang='lat' dir='ltr'>Roy</span> <span class='ocrx_word' id='word_1_426' title='bbox 587 1846 606 1866; x_wconf 97' lang='grc'>3</span> <span class='ocrx_word' id='word_1_427' title='bbox 622 1834 740 1866; x_wconf 74' lang='grc'><strong>66116111</strong></span> <span class='ocrx_word' id='word_1_428' title='bbox 755 1834 829 1874; x_wconf 86' lang='lat' dir='ltr'>jour</span> <span class='ocrx_word' id='word_1_429' title='bbox 844 1839 876 1866; x_wconf 83' lang='lat' dir='ltr'>et</span> <span class='ocrx_word' id='word_1_430' title='bbox 892 1846 946 1866; x_wconf 90' lang='lat' dir='ltr'>sur</span> <span class='ocrx_word' id='word_1_431' title='bbox 961 1835 1080 1866; x_wconf 82' lang='lat' dir='ltr'>certein</span> <span class='ocrx_word' id='word_1_432' title='bbox 1095 1835 1188 1874; x_wconf 82' lang='lat' dir='ltr'>peine</span> <span class='ocrx_word' id='word_1_433' title='bbox 1203 1846 1222 1866; x_wconf 84' lang='lat' dir='ltr'>a</span> <span class='ocrx_word' id='word_1_434' title='bbox 1237 1835 1355 1866; x_wconf 85' lang='lat' dir='ltr'>limiter</span> <span class='ocrx_word' id='word_1_435' title='bbox 1370 1845 1428 1873; x_wconf 84' lang='lat' dir='ltr'>par</span> <span class='ocrx_word' id='word_1_436' title='bbox 1442 1844 1562 1865; x_wconf 89' lang='lat' dir='ltr'>mesme</span> <span class='ocrx_word' id='word_1_437' title='bbox 1577 1833 1606 1864; x_wconf 91' lang='grc'>16</span> <span class='ocrx_word' id='word_1_438' title='bbox 1622 1832 1739 1864; x_wconf 85' lang='lat' dir='ltr'>conseil</span> <span class='ocrx_word' id='word_1_439' title='bbox 1754 1835 1787 1863; x_wconf 79' lang='lat' dir='ltr'>et</span> <span class='ocrx_word' id='word_1_440' title='bbox 1802 1841 1842 1870; x_wconf 87' lang='lat' dir='ltr'>qe</span> 
     </span>
     <span class='ocr_line' id='line_1_35' title="bbox 497 1881 1842 1923; baseline -0.002 -8"><span class='ocrx_word' id='word_1_441' title='bbox 497 1894 618 1915; x_wconf 89' lang='lat' dir='ltr'>mesme</span> <span class='ocrx_word' id='word_1_442' title='bbox 639 1884 667 1915; x_wconf 93' lang='lat' dir='ltr'>le</span> <span class='ocrx_word' id='word_1_443' title='bbox 689 1884 807 1916; x_wconf 89' lang='lat' dir='ltr'>conseil</span> <span class='ocrx_word' id='word_1_444' title='bbox 828 1885 872 1916; x_wconf 89' lang='lat' dir='ltr'>eit</span> <span class='ocrx_word' id='word_1_445' title='bbox 894 1885 985 1923; x_wconf 85' lang='lat' dir='ltr'>poair</span> <span class='ocrx_word' id='word_1_446' title='bbox 1004 1895 1063 1923; x_wconf 87' lang='lat' dir='ltr'>par</span> <span class='ocrx_word' id='word_1_447' title='bbox 1080 1885 1221 1916; x_wconf 82' lang='lat' dir='ltr'>autorite</span> <span class='ocrx_word' id='word_1_448' title='bbox 1242 1885 1282 1915; x_wconf 89' lang='lat' dir='ltr'>de</span> <span class='ocrx_word' id='word_1_449' title='bbox 1304 1884 1483 1923; x_wconf 84' lang='lat' dir='ltr'>parlement</span> <span class='ocrx_word' id='word_1_450' title='bbox 1505 1884 1583 1914; x_wconf 90' lang='lat' dir='ltr'>dent</span> <span class='ocrx_word' id='word_1_451' title='bbox 1602 1883 1681 1914; x_wconf 87' lang='lat' dir='ltr'>faire</span> <span class='ocrx_word' id='word_1_452' title='bbox 1699 1881 1785 1913; x_wconf 87' lang='lat' dir='ltr'>droit</span> <span class='ocrx_word' id='word_1_453' title='bbox 1806 1891 1842 1912; x_wconf 85' lang='lat' dir='ltr'>as</span> 
     </span>
     <span class='ocr_line' id='line_1_36' title="bbox 497 1931 1842 1972; baseline -0.002 -8"><span class='ocrx_word' id='word_1_454' title='bbox 497 1933 618 1972; x_wconf 80' lang='lat' dir='ltr'>parties</span> <span class='ocrx_word' id='word_1_455' title='bbox 634 1945 693 1972; x_wconf 82' lang='lat' dir='ltr'>par</span> <span class='ocrx_word' id='word_1_456' title='bbox 705 1934 798 1966; x_wconf 88' lang='lat' dir='ltr'>aduis</span> <span class='ocrx_word' id='word_1_457' title='bbox 811 1938 844 1966; x_wconf 80' lang='lat' dir='ltr'>et</span> <span class='ocrx_word' id='word_1_458' title='bbox 860 1934 1034 1965; x_wconf 87' lang='lat' dir='ltr'>discrecion</span> <span class='ocrx_word' id='word_1_459' title='bbox 1051 1934 1090 1965; x_wconf 88' lang='lat' dir='ltr'>de</span> <span class='ocrx_word' id='word_1_460' title='bbox 1105 1945 1225 1965; x_wconf 88' lang='lat' dir='ltr'>mesme</span> <span class='ocrx_word' id='word_1_461' title='bbox 1239 1934 1267 1965; x_wconf 88' lang='grc'>16</span> <span class='ocrx_word' id='word_1_462' title='bbox 1281 1934 1433 1965; x_wconf 71' lang='grc'>60115611.14</span> <span class='ocrx_word' id='word_1_463' title='bbox 1470 1934 1532 1964; x_wconf 85' lang='grc' dir='ltr'><strong>Ρ31·</strong></span> <span class='ocrx_word' id='word_1_464' title='bbox 1545 1933 1630 1964; x_wconf 87' lang='lat' dir='ltr'>force</span> <span class='ocrx_word' id='word_1_465' title='bbox 1646 1933 1685 1963; x_wconf 93' lang='lat' dir='ltr'>de</span> <span class='ocrx_word' id='word_1_466' title='bbox 1699 1931 1773 1970; x_wconf 89' lang='lat' dir='ltr'>quel</span> <span class='ocrx_word' id='word_1_467' title='bbox 1788 1941 1842 1961; x_wconf 90' lang='lat' dir='ltr'>en-</span> 
     </span>
     <span class='ocr_line' id='line_1_37' title="bbox 498 1982 1843 2023; baseline -0.002 -9"><span class='ocrx_word' id='word_1_468' title='bbox 498 1983 683 2015; x_wconf 83' lang='lat' dir='ltr'>dorsement</span> <span class='ocrx_word' id='word_1_469' title='bbox 695 1983 792 2015; x_wconf 84' lang='lat' dir='ltr'>briefs</span> <span class='ocrx_word' id='word_1_470' title='bbox 804 1984 943 2016; x_wconf 87' lang='lat' dir='ltr'>seuerals</span> <span class='ocrx_word' id='word_1_471' title='bbox 956 1984 1072 2015; x_wconf 87' lang='lat' dir='ltr'>desouz</span> <span class='ocrx_word' id='word_1_472' title='bbox 1085 1984 1114 2015; x_wconf 94' lang='grc'>16</span> <span class='ocrx_word' id='word_1_473' title='bbox 1126 1988 1221 2023; x_wconf 83' lang='lat' dir='ltr'>grant</span> <span class='ocrx_word' id='word_1_474' title='bbox 1233 1984 1297 2015; x_wconf 82' lang='lat' dir='ltr'>seal</span> <span class='ocrx_word' id='word_1_475' title='bbox 1310 1984 1437 2015; x_wconf 81' lang='lat' dir='ltr'>feurent</span> <span class='ocrx_word' id='word_1_476' title='bbox 1450 1984 1594 2014; x_wconf 83' lang='lat' dir='ltr'>adressez</span> <span class='ocrx_word' id='word_1_477' title='bbox 1607 1993 1642 2014; x_wconf 88' lang='lat' dir='ltr'>as</span> <span class='ocrx_word' id='word_1_478' title='bbox 1654 1982 1720 2013; x_wconf 75' lang='lat' dir='ltr'>ditz</span> <span class='ocrx_word' id='word_1_479' title='bbox 1733 1982 1751 2012; x_wconf 87' lang='lat' dir='ltr'>J</span> <span class='ocrx_word' id='word_1_480' title='bbox 1754 1990 1843 2012; x_wconf 86' lang='lat' dir='ltr'>ames</span> 
     </span>
     <span class='ocr_line' id='line_1_38' title="bbox 498 2030 1843 2073; baseline -0.002 -9"><span class='ocrx_word' id='word_1_481' title='bbox 498 2033 632 2065; x_wconf 71' lang='lat' dir='ltr'>Clifford</span> <span class='ocrx_word' id='word_1_482' title='bbox 657 2037 690 2065; x_wconf 87' lang='lat' dir='ltr'>et</span> <span class='ocrx_word' id='word_1_483' title='bbox 712 2034 863 2065; x_wconf 87' lang='lat' dir='ltr'>Ansehne</span> <span class='ocrx_word' id='word_1_484' title='bbox 886 2034 974 2073; x_wconf 89' lang='lat' dir='ltr'>Gyse</span> <span class='ocrx_word' id='word_1_485' title='bbox 997 2034 1104 2065; x_wconf 80' lang='lat' dir='ltr'>destre</span> <span class='ocrx_word' id='word_1_486' title='bbox 1127 2034 1249 2065; x_wconf 79' lang='lat' dir='ltr'>deuant</span> <span class='ocrx_word' id='word_1_487' title='bbox 1272 2034 1301 2064; x_wconf 91' lang='grc'>16</span> <span class='ocrx_word' id='word_1_488' title='bbox 1325 2033 1441 2065; x_wconf 85' lang='grc'><strong>60115611</strong></span> <span class='ocrx_word' id='word_1_489' title='bbox 1465 2044 1484 2064; x_wconf 88' lang='grc'><strong>3</strong></span> <span class='ocrx_word' id='word_1_490' title='bbox 1506 2032 1733 2064; x_wconf 72' lang='lat' dir='ltr'>Westminster</span> <span class='ocrx_word' id='word_1_491' title='bbox 1756 2042 1775 2062; x_wconf 90' lang='grc'><strong>3</strong></span> <span class='ocrx_word' id='word_1_492' title='bbox 1798 2030 1843 2061; x_wconf 88' lang='grc'>165</span> 
     </span>
    </p>
   </div>
   <div class='ocr_carea' id='block_1_3' title="bbox 496 2120 1844 2416">
    <p class='ocr_par' dir='ltr' id='par_1_3' title="bbox 496 2120 1843 2377">
     <span class='ocr_line' id='line_1_39' title="bbox 500 2120 1843 2154; baseline -0.001 -7"><span class='ocrx_word' id='word_1_493' title='bbox 500 2121 633 2153; x_wconf 80' lang='lat' dir='ltr'>(Rudder,</span> <span class='ocrx_word' id='word_1_494' title='bbox 643 2130 670 2154; x_wconf 90' lang='lat' dir='ltr'>p.</span> <span class='ocrx_word' id='word_1_495' title='bbox 681 2122 755 2151; x_wconf 84' lang='lat'>598).</span> <span class='ocrx_word' id='word_1_496' title='bbox 786 2122 855 2148; x_wconf 87' lang='lat' dir='ltr'>This</span> <span class='ocrx_word' id='word_1_497' title='bbox 865 2122 971 2148; x_wconf 87' lang='lat' dir='ltr'>Robert.</span> <span class='ocrx_word' id='word_1_498' title='bbox 981 2131 1036 2148; x_wconf 84' lang='lat' dir='ltr'>was</span> <span class='ocrx_word' id='word_1_499' title='bbox 1047 2122 1146 2154; x_wconf 81' lang='lat' dir='ltr'>justice</span> <span class='ocrx_word' id='word_1_500' title='bbox 1197 2122 1225 2148; x_wconf 86' lang='lat' dir='ltr'>of</span> <span class='ocrx_word' id='word_1_501' title='bbox 1241 2122 1409 2148; x_wconf 79' lang='lat' dir='ltr'>Parliament</span> <span class='ocrx_word' id='word_1_502' title='bbox 1428 2121 1474 2153; x_wconf 84' lang='lat' dir='ltr'>(iii,</span> <span class='ocrx_word' id='word_1_503' title='bbox 1492 2122 1555 2151; x_wconf 88' lang='lat'>513)</span> <span class='ocrx_word' id='word_1_504' title='bbox 1573 2121 1664 2146; x_wconf 84' lang='lat' dir='ltr'>leaves</span> <span class='ocrx_word' id='word_1_505' title='bbox 1679 2120 1725 2146; x_wconf 85' lang='lat' dir='ltr'>off.</span> <span class='ocrx_word' id='word_1_506' title='bbox 1760 2120 1843 2152; x_wconf 86' lang='lat' dir='ltr'>Upon</span> 
     </span>
     <span class='ocr_line' id='line_1_40' title="bbox 497 2157 1843 2191; baseline -0.002 -6"><span class='ocrx_word' id='word_1_507' title='bbox 497 2158 526 2185; x_wconf 87' lang='lat' dir='ltr'>of</span> <span class='ocrx_word' id='word_1_508' title='bbox 536 2159 583 2185; x_wconf 89' lang='lat' dir='ltr'>the</span> <span class='ocrx_word' id='word_1_509' title='bbox 593 2168 675 2191; x_wconf 83' lang='lat' dir='ltr'>peace</span> <span class='ocrx_word' id='word_1_510' title='bbox 687 2159 714 2185; x_wconf 89' lang='lat' dir='ltr'>in</span> <span class='ocrx_word' id='word_1_511' title='bbox 725 2159 966 2190; x_wconf 72' lang='lat' dir='ltr'>Gloucestershire,</span> <span class='ocrx_word' id='word_1_512' title='bbox 981 2160 1143 2190; x_wconf 81' lang='lat'>1399—1408‚</span> <span class='ocrx_word' id='word_1_513' title='bbox 1197 2159 1244 2185; x_wconf 88' lang='lat' dir='ltr'>the</span> <span class='ocrx_word' id='word_1_514' title='bbox 1255 2159 1372 2191; x_wconf 82' lang='lat' dir='ltr'>petition</span> <span class='ocrx_word' id='word_1_515' title='bbox 1383 2159 1463 2191; x_wconf 83' lang='lat' dir='ltr'>given</span> <span class='ocrx_word' id='word_1_516' title='bbox 1474 2159 1501 2184; x_wconf 89' lang='lat' dir='ltr'>in</span> <span class='ocrx_word' id='word_1_517' title='bbox 1513 2158 1645 2190; x_wconf 80' lang='lat' dir='ltr'>Palgrave</span> <span class='ocrx_word' id='word_1_518' title='bbox 1659 2158 1696 2190; x_wconf 87' lang='lat' dir='ltr'>(p.</span> <span class='ocrx_word' id='word_1_519' title='bbox 1708 2158 1753 2187; x_wconf 88' lang='lat'>71)</span> <span class='ocrx_word' id='word_1_520' title='bbox 1766 2157 1843 2183; x_wconf 77' lang='lat' dir='ltr'>there</span> 
     </span>
     <span class='ocr_line' id='line_1_41' title="bbox 497 2195 1843 2229; baseline -0.001 -7"><span class='ocrx_word' id='word_1_521' title='bbox 497 2197 702 2222; x_wconf 86' lang='lat' dir='ltr'>commissioner</span> <span class='ocrx_word' id='word_1_522' title='bbox 719 2197 747 2223; x_wconf 88' lang='lat' dir='ltr'>of</span> <span class='ocrx_word' id='word_1_523' title='bbox 765 2205 845 2228; x_wconf 83' lang='lat' dir='ltr'>array</span> <span class='ocrx_word' id='word_1_524' title='bbox 866 2198 1028 2229; x_wconf 78' lang='lat'>1399—1403,</span> <span class='ocrx_word' id='word_1_525' title='bbox 1048 2206 1099 2223; x_wconf 88' lang='lat' dir='ltr'>one</span> <span class='ocrx_word' id='word_1_526' title='bbox 1117 2197 1145 2223; x_wconf 84' lang='lat' dir='ltr'>of</span> <span class='ocrx_word' id='word_1_527' title='bbox 1198 2197 1219 2222; x_wconf 92' lang='lat' dir='ltr'>is</span> <span class='ocrx_word' id='word_1_528' title='bbox 1234 2206 1269 2222; x_wconf 82' lang='lat' dir='ltr'>an</span> <span class='ocrx_word' id='word_1_529' title='bbox 1284 2197 1476 2222; x_wconf 87' lang='lat' dir='ltr'>endorsement</span> <span class='ocrx_word' id='word_1_530' title='bbox 1491 2198 1540 2221; x_wconf 78' lang='lat' dir='ltr'>not</span> <span class='ocrx_word' id='word_1_531' title='bbox 1555 2196 1635 2227; x_wconf 86' lang='lat' dir='ltr'>given</span> <span class='ocrx_word' id='word_1_532' title='bbox 1650 2195 1677 2221; x_wconf 88' lang='lat' dir='ltr'>in</span> <span class='ocrx_word' id='word_1_533' title='bbox 1692 2195 1739 2220; x_wconf 89' lang='lat' dir='ltr'>the</span> <span class='ocrx_word' id='word_1_534' title='bbox 1754 2195 1843 2221; x_wconf 86' lang='lat' dir='ltr'>above</span> 
     </span>
     <span class='ocr_line' id='line_1_42' title="bbox 497 2232 1842 2266; baseline -0.002 -6"><span class='ocrx_word' id='word_1_535' title='bbox 497 2233 544 2259; x_wconf 73' lang='lat' dir='ltr'>the</span> <span class='ocrx_word' id='word_1_536' title='bbox 559 2237 635 2266; x_wconf 75' lang='lat' dir='ltr'>great</span> <span class='ocrx_word' id='word_1_537' title='bbox 650 2234 755 2260; x_wconf 87' lang='lat' dir='ltr'>council</span> <span class='ocrx_word' id='word_1_538' title='bbox 770 2235 798 2260; x_wconf 90' lang='lat' dir='ltr'>in</span> <span class='ocrx_word' id='word_1_539' title='bbox 815 2235 890 2265; x_wconf 82' lang='grc'><strong>1401,</strong></span> <span class='ocrx_word' id='word_1_540' title='bbox 906 2234 1028 2260; x_wconf 85' lang='lat' dir='ltr'>member</span> <span class='ocrx_word' id='word_1_541' title='bbox 1042 2234 1070 2260; x_wconf 87' lang='lat' dir='ltr'>of</span> <span class='ocrx_word' id='word_1_542' title='bbox 1083 2243 1145 2266; x_wconf 83' lang='lat' dir='ltr'>par·</span> <span class='ocrx_word' id='word_1_543' title='bbox 1197 2234 1299 2265; x_wconf 84' lang='lat' dir='ltr'>record,</span> <span class='ocrx_word' id='word_1_544' title='bbox 1328 2233 1416 2259; x_wconf 88' lang='lat' dir='ltr'>which</span> <span class='ocrx_word' id='word_1_545' title='bbox 1443 2234 1464 2259; x_wconf 83' lang='lat' dir='ltr'>is</span> <span class='ocrx_word' id='word_1_546' title='bbox 1491 2233 1644 2259; x_wconf 76' lang='lat' dir='ltr'>translated</span> <span class='ocrx_word' id='word_1_547' title='bbox 1671 2241 1700 2258; x_wconf 82' lang='lat' dir='ltr'>as</span> <span class='ocrx_word' id='word_1_548' title='bbox 1726 2232 1842 2258; x_wconf 85' lang='lat' dir='ltr'>follows:</span> 
     </span>
     <span class='ocr_line' id='line_1_43' title="bbox 497 2269 1843 2303; baseline -0.001 -7"><span class='ocrx_word' id='word_1_549' title='bbox 497 2270 612 2297; x_wconf 77' lang='lat' dir='ltr'>liament</span> <span class='ocrx_word' id='word_1_550' title='bbox 634 2272 661 2297; x_wconf 90' lang='lat' dir='ltr'>in</span> <span class='ocrx_word' id='word_1_551' title='bbox 686 2273 762 2303; x_wconf 85' lang='lat'>1403,</span> <span class='ocrx_word' id='word_1_552' title='bbox 789 2273 863 2303; x_wconf 82' lang='grc'><strong>1405,</strong></span> <span class='ocrx_word' id='word_1_553' title='bbox 890 2273 964 2303; x_wconf 84' lang='grc'><strong>1411,</strong></span> <span class='ocrx_word' id='word_1_554' title='bbox 989 2272 1044 2298; x_wconf 81' lang='lat' dir='ltr'>and</span> <span class='ocrx_word' id='word_1_555' title='bbox 1069 2273 1144 2303; x_wconf 84' lang='grc'><strong>1414,</strong></span> <span class='ocrx_word' id='word_1_556' title='bbox 1199 2271 1269 2297; x_wconf 75' lang='lat' dir='ltr'>“On</span> <span class='ocrx_word' id='word_1_557' title='bbox 1282 2273 1313 2297; x_wconf 91' lang='lat'>15</span> <span class='ocrx_word' id='word_1_558' title='bbox 1322 2271 1562 2303; x_wconf 80' lang='lat' dir='ltr'>July,4Hen.1V,</span> <span class='ocrx_word' id='word_1_559' title='bbox 1573 2270 1615 2296; x_wconf 87' lang='lat' dir='ltr'>Sir</span> <span class='ocrx_word' id='word_1_560' title='bbox 1625 2271 1721 2302; x_wconf 91' lang='lat' dir='ltr'>Henry</span> <span class='ocrx_word' id='word_1_561' title='bbox 1732 2269 1843 2301; x_wconf 75' lang='lat' dir='ltr'>Malpas</span> 
     </span>
     <span class='ocr_line' id='line_1_44' title="bbox 496 2306 1843 2341; baseline -0.001 -7"><span class='ocrx_word' id='word_1_562' title='bbox 496 2308 590 2334; x_wconf 81' lang='lat' dir='ltr'>sheriff</span> <span class='ocrx_word' id='word_1_563' title='bbox 610 2309 638 2334; x_wconf 91' lang='lat' dir='ltr'>in</span> <span class='ocrx_word' id='word_1_564' title='bbox 662 2310 737 2340; x_wconf 78' lang='lat'>1402,</span> <span class='ocrx_word' id='word_1_565' title='bbox 759 2308 807 2335; x_wconf 89' lang='lat' dir='ltr'>the</span> <span class='ocrx_word' id='word_1_566' title='bbox 828 2309 896 2335; x_wconf 82' lang='lat' dir='ltr'>time</span> <span class='ocrx_word' id='word_1_567' title='bbox 916 2309 945 2335; x_wconf 85' lang='lat' dir='ltr'>of</span> <span class='ocrx_word' id='word_1_568' title='bbox 966 2309 1014 2335; x_wconf 89' lang='lat' dir='ltr'>the</span> <span class='ocrx_word' id='word_1_569' title='bbox 1035 2312 1145 2341; x_wconf 81' lang='lat' dir='ltr'>present</span> <span class='ocrx_word' id='word_1_570' title='bbox 1196 2318 1248 2334; x_wconf 90' lang='lat' dir='ltr'>one</span> <span class='ocrx_word' id='word_1_571' title='bbox 1261 2309 1289 2334; x_wconf 85' lang='lat' dir='ltr'>of</span> <span class='ocrx_word' id='word_1_572' title='bbox 1303 2308 1349 2334; x_wconf 84' lang='lat' dir='ltr'>the</span> <span class='ocrx_word' id='word_1_573' title='bbox 1363 2311 1479 2334; x_wconf 85' lang='lat' dir='ltr'>masters</span> <span class='ocrx_word' id='word_1_574' title='bbox 1492 2308 1519 2333; x_wconf 90' lang='lat' dir='ltr'>in</span> <span class='ocrx_word' id='word_1_575' title='bbox 1534 2308 1580 2333; x_wconf 82' lang='lat' dir='ltr'>the</span> <span class='ocrx_word' id='word_1_576' title='bbox 1594 2307 1739 2339; x_wconf 82' lang='lat' dir='ltr'>Chancery</span> <span class='ocrx_word' id='word_1_577' title='bbox 1752 2306 1780 2332; x_wconf 89' lang='lat' dir='ltr'>of</span> <span class='ocrx_word' id='word_1_578' title='bbox 1793 2314 1843 2332; x_wconf 90' lang='lat' dir='ltr'>our</span> 
     </span>
     <span class='ocr_line' id='line_1_45' title="bbox 497 2344 1843 2377; baseline -0.002 -5"><span class='ocrx_word' id='word_1_579' title='bbox 497 2354 566 2377; x_wconf 83' lang='lat' dir='ltr'>case,</span> <span class='ocrx_word' id='word_1_580' title='bbox 581 2346 608 2372; x_wconf 92' lang='lat' dir='ltr'>in</span> <span class='ocrx_word' id='word_1_581' title='bbox 624 2348 690 2372; x_wconf 89' lang='grc'><strong>1407</strong></span> <span class='ocrx_word' id='word_1_582' title='bbox 704 2346 759 2372; x_wconf 86' lang='lat' dir='ltr'>and</span> <span class='ocrx_word' id='word_1_583' title='bbox 775 2347 851 2372; x_wconf 83' lang='lat'>1412.</span> <span class='ocrx_word' id='word_1_584' title='bbox 1197 2346 1255 2372; x_wconf 91' lang='lat' dir='ltr'>lord</span> <span class='ocrx_word' id='word_1_585' title='bbox 1276 2346 1323 2372; x_wconf 82' lang='lat' dir='ltr'>the</span> <span class='ocrx_word' id='word_1_586' title='bbox 1343 2346 1408 2377; x_wconf 86' lang='lat' dir='ltr'>king</span> <span class='ocrx_word' id='word_1_587' title='bbox 1428 2345 1565 2371; x_wconf 84' lang='lat' dir='ltr'>delivered</span> <span class='ocrx_word' id='word_1_588' title='bbox 1585 2345 1641 2371; x_wconf 87' lang='lat' dir='ltr'>this</span> <span class='ocrx_word' id='word_1_589' title='bbox 1660 2344 1777 2376; x_wconf 78' lang='lat' dir='ltr'>petition</span> <span class='ocrx_word' id='word_1_590' title='bbox 1797 2352 1843 2369; x_wconf 90' lang='lat' dir='ltr'>en-</span> 
     </span>
    </p>

    <p class='ocr_par' dir='ltr' id='par_1_4' title="bbox 533 2381 1844 2416">
     <span class='ocr_line' id='line_1_46' title="bbox 533 2381 1844 2416; baseline -0.002 -8"><span class='ocrx_word' id='word_1_591' title='bbox 533 2384 550 2399; x_wconf 72' lang='grc' dir='ltr'>Ν</span> <span class='ocrx_word' id='word_1_592' title='bbox 570 2384 607 2409; x_wconf 80' lang='lat' dir='ltr'>At</span> <span class='ocrx_word' id='word_1_593' title='bbox 623 2383 678 2409; x_wconf 86' lang='lat' dir='ltr'>this</span> <span class='ocrx_word' id='word_1_594' title='bbox 694 2384 772 2416; x_wconf 81' lang='lat' dir='ltr'>point</span> <span class='ocrx_word' id='word_1_595' title='bbox 788 2384 836 2409; x_wconf 81' lang='lat' dir='ltr'>the</span> <span class='ocrx_word' id='word_1_596' title='bbox 851 2383 945 2410; x_wconf 89' lang='lat' dir='ltr'>record</span> <span class='ocrx_word' id='word_1_597' title='bbox 961 2383 989 2409; x_wconf 89' lang='grc'>111</span> <span class='ocrx_word' id='word_1_598' title='bbox 1006 2383 1053 2410; x_wconf 87' lang='lat' dir='ltr'>the</span> <span class='ocrx_word' id='word_1_599' title='bbox 1068 2383 1146 2409; x_wconf 88' lang='lat' dir='ltr'>Rolls</span> <span class='ocrx_word' id='word_1_600' title='bbox 1196 2383 1295 2409; x_wconf 89' lang='lat' dir='ltr'>dorsed</span> <span class='ocrx_word' id='word_1_601' title='bbox 1317 2386 1347 2409; x_wconf 82' lang='lat' dir='ltr'>to</span> <span class='ocrx_word' id='word_1_602' title='bbox 1370 2383 1404 2409; x_wconf 89' lang='lat' dir='ltr'>R.</span> <span class='ocrx_word' id='word_1_603' title='bbox 1424 2383 1480 2415; x_wconf 85' lang='lat' dir='ltr'>Fry</span> <span class='ocrx_word' id='word_1_604' title='bbox 1499 2391 1564 2408; x_wconf 84' lang='lat' dir='ltr'>near</span> <span class='ocrx_word' id='word_1_605' title='bbox 1587 2382 1635 2408; x_wconf 83' lang='lat' dir='ltr'>the</span> <span class='ocrx_word' id='word_1_606' title='bbox 1658 2384 1720 2414; x_wconf 84' lang='lat' dir='ltr'>gate</span> <span class='ocrx_word' id='word_1_607' title='bbox 1743 2381 1771 2407; x_wconf 85' lang='lat' dir='ltr'>of</span> <span class='ocrx_word' id='word_1_608' title='bbox 1794 2381 1844 2407; x_wconf 86' lang='lat' dir='ltr'>the</span> 
     </span>
    </p>
   </div>
  </div>
 </body>
</html>
