2112 2901
535 192 583 227 94
817 201 938 226 CASES
965 200 1124 226 BEFORE
1152 200 1231 225 THE
1260 200 1397 225 KING’S
1425 200 1600 226 COUNCIL

535 278 574 309 dc
594 282 725 309 extenta
745 278 889 309 custodie
908 277 1042 309 manerii
1062 278 1101 308 de
1121 277 1298 315 Cressyche
1311 279 1332 296 ¹4
1352 288 1424 308 Cum
1444 277 1649 316 pertinenciis
1667 278 1699 308 in
1720 278 1878 309 comitatu

535 328 641 366 Salop'
661 332 754 366 prout
778 331 870 365 patet
892 328 931 358 de
952 327 1084 358 recordo
1106 327 1137 357 in
1159 338 1224 366 quo
1243 338 1317 358 casu
1336 327 1479 365 predicte
1501 327 1591 358 litere
1612 327 1708 366 Regis
1728 332 1878 366 patentes

535 378 698 415 [predictis
726 377 884 408 Willehno
911 377 954 414 et]
982 377 1154 415 Hehningo
1181 381 1218 408 ut
1245 377 1446 415 premittitur
1472 376 1557 408 facte
1584 376 1715 408 fuerunt
1742 381 1775 408 et
1801 381 1878 409 sunt

534 427 730 458 reuocabilcs
751 431 781 458 ct
804 427 911 457 minus
927 426 1072 457 valentes
1093 431 1153 457 etc.
1172 430 1319 465 petentes
1340 426 1476 465 predicti
1495 426 1671 457 Willelmus
1687 427 1877 458 Wodeward

534 481 565 507 et
588 477 695 515 Agnes
716 477 802 515 quod
829 501 834 507 .
861 501 866 507 .
893 501 898 506 .
923 477 1041 507 hentur
1060 480 1120 507 etc.
1139 476 1288 507 videlicet
1304 480 1465 514 quantum
1483 476 1543 514 ipsi
1562 480 1595 507 et
1615 486 1725 507 eorum
1741 480 1878 516 uterque

534 530 679 564 tempore
693 526 904 557 confeccionis
916 526 1081 557 literarum
1096 526 1191 564 Regis
1204 526 1388 564 pateneium
1402 526 1661 564 supradictarum
1686 550 1692 556 .
1718 550 1724 556 .
1751 551 1756 556 .
1781 526 1878 565 Regis

534 576 619 607 ultra
639 576 670 606 id
692 576 778 614 quod
800 576 830 606 in
853 576 1004 614 predictis
1024 576 1124 607 literis
1144 576 1240 614 Regis
1260 575 1449 614 patentibus
1469 576 1513 606 eis
1533 580 1570 607 ut
1590 576 1763 614 premittur
1783 575 1878 607 factis

534 626 727 657 continetur.
772 626 815 656 Et
836 626 861 656 si
887 650 892 656 .
919 651 924 656 .
951 650 956 656 .
982 626 1022 656 ad
1044 629 1206 657 statutum
1228 625 1409 664 predictum
1430 636 1451 655 v
1476 650 1482 656 .
1509 650 1514 655 .
1541 650 1546 656 .
1572 630 1778 664 contemptus
1798 630 1877 657 tunc

533 676 620 714 quod
638 675 781 713 predicte
795 676 885 706 litere
900 675 996 713 Regis
1010 679 1159 713 patentes
1175 675 1214 705 de
1228 675 1307 706 data
1329 700 1334 705 .
1359 700 1365 705 .
1389 676 1424 705 .¹⁵
1439 675 1536 713 Regis
1550 675 1645 706 huius
1667 700 1673 706 .
1697 700 1703 706 .
1728 700 1733 705 .
1756 686 1793 706 ex
1807 675 1877 706 aliis

534 725 636 756 causis
653 725 787 756 notabil'
814 750 820 755 .
847 750 852 755 .
879 750 884 755 .
910 726 1022 756 annex'
1041 725 1183 756 content'
1202 729 1393 756 reuocentur
1408 729 1441 756 et
1459 725 1676 756 adnullentur.
1727 725 1771 756 Et
1789 725 1876 763 quod

533 775 623 805 litere
640 775 735 813 Regis
750 779 900 813 patentes
915 775 954 805 de
969 775 1048 806 data
1058 775 1211 812 v[icesi1ni
1227 775 1396 812 secundiffi]
1412 775 1474 805 diei
1490 775 1572 805 Maii
1586 775 1705 805 eisdem
1717 775 1877 806 Willehno

532 828 565 855 et
595 825 712 863 Agncti
742 825 781 855 de
813 825 960 855 custodia
990 825 1135 863 predicta
1159 849 1165 855 .
1192 849 1197 855 .
1224 849 1229 855 .
1254 828 1287 855 et
1316 816 1450 855 ulterius
1479 825 1566 862 quod
1596 824 1655 855 sibi
1687 825 1753 855 fieri
1782 825 1876 863 juxta

533 874 771 905 ordinacionem
786 878 818 905 et
835 874 1095 905 advisamentum
1113 874 1233 905 consilii
1248 874 1326 905 dicti
1343 874 1465 905 domini
1480 874 1577 912 Regis
1592 874 1788 905 auctoritate
1804 885 1876 912 par-

532 924 792 955 liamentiinhac
806 928 898 962 parte
910 924 996 962 quod
1009 924 1048 954 dc
1059 924 1126 954 iure
1138 923 1200 954 fuit
1211 923 1394 954 faciendum
1417 948 1423 953 .
1448 948 1453 954 .
1480 948 1485 954 .
1507 934 1565 954 nos
1576 923 1719 962 prefatos
1733 923 1876 954 Thesau-

532 974 651 1004 rarium
675 978 707 1004 et
730 975 873 1004 Bai-ones
893 984 912 1004 a
934 973 1068 1011 prefatis
1091 973 1249 1004 Willelmo
1272 973 1425 1011 Loueney
1444 977 1477 1004 et
1500 973 1672 1011 Helmingo
1692 984 1711 1004 a
1730 978 1876 1011 tempore

532 1023 744 1054 confeccionis
759 1023 924 1054 literarum
943 1023 1038 1061 Regis
1053 1023 1237 1061 patencium
1253 1023 1512 1061 supradictarum
1526 1023 1565 1053 de
1581 1023 1660 1054 data
1678 1048 1683 1053 .
1704 1047 1709 1053 .
1729 1048 1735 1053 .
1753 1023 1875 1062 aliquid

531 1073 570 1103 de
592 1073 677 1104 dono
700 1073 796 1111 Regis
817 1073 903 1104 aliud
926 1083 1024 1111 quam
1046 1073 1077 1102 in
1100 1073 1220 1103 eisdem
1242 1072 1341 1103 literis
1364 1073 1460 1110 Regis
1481 1072 1670 1110 patentibus
1691 1073 1876 1104 continetur

531 1122 715 1153 habuerunt
731 1133 785 1153 seu
803 1133 912 1153 eorum
929 1123 1011 1154 alter
1026 1122 1141 1153 habuit
1166 1147 1171 1152 .
1198 1147 1204 1153 .
1230 1147 1236 1153 .
1262 1122 1321 1160 [ne]
1339 1126 1447 1160 potest
1463 1122 1608 1153 dedicere
1624 1122 1701 1161 quin
1718 1122 1778 1161 ipsi
1795 1127 1876 1154 tem-

531 1182 607 1210 pore
643 1172 855 1203 confeccionis
890 1172 1054 1203 literarum
1093 1172 1188 1210 Regis
1223 1172 1409 1210 patencium
1446 1172 1715 1210 [supradictarum
1741 1197 1746 1203 .
1773 1197 1778 1202 .
1805 1197 1811 1203 .
1836 1172 1875 1203 de

530 1222 626 1259 dono]
646 1222 742 1260 Regis
760 1222 845 1253 ultra
863 1222 971 1253 onmia
990 1222 1020 1252 in
1040 1222 1134 1253 dictis
1152 1221 1251 1253 literis
1270 1221 1366 1260 Regis
1385 1226 1538 1253 contenta
1556 1232 1666 1253 onmes
1684 1226 1716 1252 et
1734 1222 1875 1260 singulas

530 1272 717 1303 annuitates
736 1272 938 1310 supradictas
957 1282 1013 1310 per
1032 1272 1193 1310 predictos
1212 1271 1406 1302 Willehnum
1426 1275 1458 1302 et
1476 1272 1635 1310 Agnetem
1655 1282 1785 1302 uxorem
1804 1271 1874 1310 ejus

530 1321 697 1360 s[uperius]
725 1322 905 1352 declaratas
931 1326 992 1353 etc.
1042 1321 1166 1360 Quibus
1192 1321 1322 1360 quidem
1353 1321 1648 1352 examinacionibus
1679 1321 1874 1359 supradictis

530 1381 586 1409 per
596 1381 654 1402 nos
666 1371 808 1409 prefatos
820 1371 1069 1402 Thesaurariun]
1081 1375 1114 1402 et
1128 1372 1270 1402 Barones
1282 1375 1319 1402 ut
1330 1371 1531 1409 premittitur
1545 1371 1648 1409 captis
1662 1371 1874 1409 responsioni-

529 1421 654 1459 busque
678 1421 822 1459 parcium
848 1421 1065 1459 predictarum
1095 1421 1289 1459 supradictis
1318 1421 1438 1452 auditis
1463 1445 1468 1450 .
1495 1445 1501 1451 .
1527 1445 1533 1451 .
1558 1420 1712 1452 tabilibus
1741 1421 1773 1451 in
1804 1431 1874 1459 pre-

529 1470 624 1501 dictis
638 1470 737 1501 literis
752 1471 847 1509 Regis
861 1471 1050 1509 patentibus
1064 1470 1197 1508 prefatis
1211 1470 1383 1509 Hehningo
1396 1474 1429 1501 et
1441 1470 1600 1501 Willelmo
1614 1471 1766 1509 Loueney
1778 1470 1873 1502 factis

529 1520 659 1551 videtur
679 1524 747 1551 tam
768 1520 860 1551 nobis
881 1520 1015 1558 prefatis
1031 1520 1244 1551 Thesaurario
1260 1524 1293 1551 et
1309 1520 1491 1551 Baronibus
1507 1530 1605 1558 quam
1625 1520 1813 1551 Iusticiariis
1834 1520 1873 1551 de

529 1570 660 1601 domino
675 1571 761 1608 Rege
775 1570 942 1601 nobiscum
957 1570 1169 1601 existentibus
1183 1570 1344 1608 prcdictas
1357 1570 1466 1601 literas
1480 1570 1576 1608 Regis
1590 1574 1739 1608 patentes
1753 1570 1872 1601 eisdem

528 1619 687 1650 Willelmo
706 1621 858 1659 Loueney
875 1624 908 1651 et
926 1620 1098 1658 Helmingo
1116 1620 1156 1650 de
1174 1620 1252 1651 data
1270 1620 1413 1650 vicesimi
1431 1619 1493 1650 diei
1512 1619 1594 1650 Maii
1619 1644 1625 1650 .
1651 1644 1657 1650 .
1684 1644 1689 1650 .
1714 1619 1817 1651 factas
1835 1630 1873 1650 ex

529 1670 632 1700 causis
648 1670 794 1707 superius
810 1670 1002 1708 specificatis
1018 1669 1085 1700 fore
1103 1669 1302 1700 reuocandas
1320 1669 1462 1708 aliasque
1481 1669 1589 1701 literas
1608 1670 1705 1708 Regis
1723 1673 1873 1707 patentes

528 1718 662 1757 prefatis
688 1719 846 1750 Willelmo
871 1719 1060 1750 Wodevvard
1086 1723 1119 1750 et
1144 1719 1261 1757 Agneti
1286 1719 1376 1750 uxori
1401 1729 1456 1750 sue
1481 1723 1518 1750 ut
1543 1719 1744 1757 premittitur
1768 1719 1872 1750 factas

527 1769 673 1800 valentes
697 1793 703 1799 .
730 1794 735 1799 .
762 1794 768 1799 .
793 1769 899 1800 dictus
916 1769 1094 1800 Willehnus
1108 1770 1260 1807 Loueney
1273 1779 1329 1807 per
1344 1779 1402 1800 nos
1418 1768 1561 1807 prefatos
1575 1768 1825 1799 Thesaurarium
1839 1773 1872 1800 et

527 1819 670 1849 Barones
684 1819 709 1849 si
724 1819 790 1857 ipse
805 1819 886 1849 sciat
900 1819 939 1849 de
953 1819 1092 1850 veritate
1106 1819 1209 1849 dicere
1223 1822 1332 1849 utrum
1350 1818 1492 1856 predicte
1506 1818 1596 1849 litere
1611 1818 1708 1856 Regis
1722 1822 1871 1856 patentes

527 1868 566 1898 de
582 1868 660 1899 data
676 1868 818 1899 vicesimi
835 1868 897 1898 diei
914 1868 995 1899 Maii
1011 1868 1071 1899 sibi
1087 1872 1119 1899 et
1140 1868 1267 1906 prefato
1283 1868 1455 1906 Helmingo
1476 1868 1561 1899 facte
1582 1868 1718 1906 sigillate
1739 1867 1871 1899 fuerunt

527 1921 703 1956 antequam
724 1918 866 1956 predicte
887 1918 977 1949 litere
997 1918 1094 1956 Regis
1114 1922 1263 1956 patentes
1283 1917 1428 1956 predicto
1448 1918 1607 1948 Willelmo
1627 1917 1817 1948 Wodeward
1837 1922 1871 1949 et

526 1967 643 2005 Agneti
659 1967 749 1998 uxori
764 1978 820 1998 sue
835 1967 874 1998 de
890 1968 969 1999 data
983 1967 1126 1998 vicesimi
1142 1967 1273 1998 secundi
1288 1967 1351 1997 diei
1372 1967 1454 1998 Maii
1475 1967 1560 1998 facte
1581 1967 1718 2005 sigillate
1738 1967 1871 1999 fuerunt

526 2017 576 2047 vel
594 2021 717 2055 postea,
735 2017 790 2056 qui
808 2016 886 2048 dicit
903 2027 998 2055 super
1014 2021 1252 2048 sacramentum
1270 2027 1364 2048 suum
1381 2017 1468 2056 quod
1493 2041 1499 2047 .
1526 2041 1532 2047 .
1558 2042 1564 2048 .
1589 2017 1729 2048 intendit
1746 2017 1778 2047 in
1797 2027 1871 2048 con-

526 2067 662 2098 sciencia
683 2077 740 2098 sua
761 2067 847 2105 quod
869 2067 1012 2105 predicte
1036 2067 1126 2098 litere
1150 2071 1300 2105 patentes
1323 2067 1476 2105 predictis
1499 2066 1658 2098 Willehno
1678 2067 1869 2098 Wodeward

525 2120 558 2148 et
572 2117 689 2155 Agneti
703 2117 793 2147 uxori
808 2127 863 2147 sue
877 2116 963 2148 facte
977 2121 1010 2148 et
1024 2117 1160 2155 sigillate
1175 2116 1306 2148 fuerunt
1320 2120 1496 2155 antequam
1511 2117 1654 2155 predicte
1668 2116 1759 2148 litere
1773 2116 1870 2155 Regis

561 2213 578 2228 ¹⁴
597 2212 664 2238 This
679 2221 735 2238 was
751 2222 767 2238 a
783 2215 864 2244 grant
880 2213 960 2238 made
976 2213 1003 2238 in
1022 2214 1097 2244 1402,
1115 2212 1170 2238 and
1257 2214 1276 2228 ¹⁵
1295 2212 1384 2238 These
1400 2212 1494 2238 letters
1511 2221 1557 2238 are
1570 2213 1728 2238 mentioned
1748 2213 1776 2238 in
1796 2213 1867 2240 Ibid.

525 2249 613 2275 worth
625 2250 681 2275 „220
690 2259 706 2275 a
715 2258 789 2281 year.
814 2249 872 2276 Cal.
890 2251 950 2275 Pat.
961 2252 977 2275 4
987 2251 1057 2275 Hen.
1069 2250 1115 2280 IV,
1127 2251 1168 2275 64.
1224 2251 1255 2275 12
1267 2250 1338 2275 Hen.
1352 2250 1398 2282 IV,
1411 2251 1473 2281 240;
1488 2250 1545 2276 also
1556 2250 1584 2276 in
1596 2251 1662 2276 Fine
1672 2250 1738 2281 Roll,
1753 2251 1785 2276 10
1796 2251 1868 2276 Hen.

560 2288 580 2303 ¹⁵
598 2287 665 2312 This
677 2290 757 2319 grant
768 2287 796 2313 of
807 2288 842 2313 20
856 2287 934 2319 May,
950 2289 1015 2313 1402
1027 2287 1086 2313 isin
1098 2287 1169 2313 Ibid.
1222 2287 1270 2319 IV,
1285 2296 1320 2313 m.
1335 2289 1359 2313 8.

525 2325 555 2350 11
571 2325 641 2350 Hen.
656 2325 703 2356 IV,
717 2326 777 2350 231.
