<?xml version="1.0" encoding="UTF-8"?>
<!DOCTYPE html PUBLIC "-//W3C//DTD XHTML 1.0 Transitional//EN"
    "http://www.w3.org/TR/xhtml1/DTD/xhtml1-transitional.dtd">
<html xmlns="http://www.w3.org/1999/xhtml" xml:lang="en" lang="en">
 <head>
  <title>
</title>
<meta http-equiv="Content-Type" content="text/html;charset=utf-8" />
  <meta name='ocr-system' content='tesseract 3.04.00' />
  <meta name='ocr-capabilities' content='ocr_page ocr_carea ocr_par ocr_line ocrx_word'/>
</head>
<body>
  <div class='ocr_page' id='page_1' title='image "./selectcasesbefor00englrich_0342.png"; bbox 0 0 2112 2901; ppageno 0'>
   <div class='ocr_carea' id='block_1_1' title="bbox 425 908 503 938">
    <p class='ocr_par' dir='ltr' id='par_1_1' title="bbox 425 908 503 938">
     <span class='ocr_line' id='line_1_1' title="bbox 425 908 503 938; baseline 0 0"><span class='ocrx_word' id='word_1_1' title='bbox 425 908 503 938; x_wconf 76' lang='lat'>1463</span> 
     </span>
    </p>
   </div>
   <div class='ocr_carea' id='block_1_2' title="bbox 526 148 1596 184">
    <p class='ocr_par' dir='ltr' id='par_1_2' title="bbox 526 148 1596 184">
     <span class='ocr_line' id='line_1_2' title="bbox 526 148 1596 184; baseline 0.002 -2"><span class='ocrx_word' id='word_1_2' title='bbox 526 148 597 183; x_wconf 90' lang='grc'>110</span> <span class='ocrx_word' id='word_1_3' title='bbox 813 157 934 183; x_wconf 75' lang='lat' dir='ltr'>CASEs</span> <span class='ocrx_word' id='word_1_4' title='bbox 961 157 1120 183; x_wconf 80' lang='lat' dir='ltr'>BEFORE</span> <span class='ocrx_word' id='word_1_5' title='bbox 1148 158 1227 182; x_wconf 80' lang='lat' dir='ltr'>THE</span> <span class='ocrx_word' id='word_1_6' title='bbox 1256 157 1393 183; x_wconf 77' lang='lat' dir='ltr'>KING⁷s</span> <span class='ocrx_word' id='word_1_7' title='bbox 1420 158 1596 184; x_wconf 87' lang='lat' dir='ltr'>COUNCIL</span> 
     </span>
    </p>
   </div>
   <div class='ocr_carea' id='block_1_3' title="bbox 524 235 1869 721">
    <p class='ocr_par' dir='ltr' id='par_1_3' title="bbox 524 235 1869 721">
     <span class='ocr_line' id='line_1_3' title="bbox 525 235 1866 274; baseline 0.001 -8"><span class='ocrx_word' id='word_1_8' title='bbox 525 235 702 266; x_wconf 73' lang='lat' dir='ltr'>Iohannem</span> <span class='ocrx_word' id='word_1_9' title='bbox 717 235 815 273; x_wconf 83' lang='lat' dir='ltr'>Davy</span> <span class='ocrx_word' id='word_1_10' title='bbox 829 235 861 265; x_wconf 87' lang='lat' dir='ltr'>in</span> <span class='ocrx_word' id='word_1_11' title='bbox 875 235 1011 266; x_wconf 87' lang='lat' dir='ltr'>materia</span> <span class='ocrx_word' id='word_1_12' title='bbox 1025 235 1210 273; x_wconf 86' lang='lat' dir='ltr'>supradicta</span> <span class='ocrx_word' id='word_1_13' title='bbox 1224 235 1359 274; x_wconf 75' lang='lat' dir='ltr'>allegare</span> <span class='ocrx_word' id='word_1_14' title='bbox 1373 235 1424 266; x_wconf 89' lang='lat' dir='ltr'>vel</span> <span class='ocrx_word' id='word_1_15' title='bbox 1438 236 1562 267; x_wconf 89' lang='lat' dir='ltr'>obicere</span> <span class='ocrx_word' id='word_1_16' title='bbox 1576 235 1672 267; x_wconf 87' lang='lat' dir='ltr'>vellet</span> <span class='ocrx_word' id='word_1_17' title='bbox 1686 236 1717 267; x_wconf 90' lang='lat' dir='ltr'>in</span> <span class='ocrx_word' id='word_1_18' title='bbox 1732 236 1866 268; x_wconf 87' lang='lat' dir='ltr'>Octabis</span> 
     </span>
     <span class='ocr_line' id='line_1_4' title="bbox 524 285 1864 324; baseline 0.001 -8"><span class='ocrx_word' id='word_1_19' title='bbox 524 285 634 316; x_wconf 80' lang='lat' dir='ltr'>Sancti</span> <span class='ocrx_word' id='word_1_20' title='bbox 660 285 813 315; x_wconf 75' lang='lat' dir='ltr'>Iohannis</span> <span class='ocrx_word' id='word_1_21' title='bbox 837 285 986 323; x_wconf 84' lang='lat' dir='ltr'>Baptiste</span> <span class='ocrx_word' id='word_1_22' title='bbox 1012 285 1153 323; x_wconf 83' lang='lat' dir='ltr'>proxime</span> <span class='ocrx_word' id='word_1_23' title='bbox 1177 285 1244 324; x_wconf 89' lang='lat' dir='ltr'>jam</span> <span class='ocrx_word' id='word_1_24' title='bbox 1269 285 1459 323; x_wconf 86' lang='lat' dir='ltr'>preteritum</span> <span class='ocrx_word' id='word_1_25' title='bbox 1483 285 1608 316; x_wconf 89' lang='lat' dir='ltr'>veniret</span> <span class='ocrx_word' id='word_1_26' title='bbox 1632 289 1665 316; x_wconf 86' lang='lat' dir='ltr'>et</span> <span class='ocrx_word' id='word_1_27' title='bbox 1688 286 1864 317; x_wconf 79' lang='lat' dir='ltr'>audiretur.</span> 
     </span>
     <span class='ocr_line' id='line_1_5' title="bbox 525 334 1867 374; baseline 0.001 -9"><span class='ocrx_word' id='word_1_28' title='bbox 525 335 569 366; x_wconf 88' lang='lat' dir='ltr'>Et</span> <span class='ocrx_word' id='word_1_29' title='bbox 588 335 663 373; x_wconf 82' lang='lat' dir='ltr'>quia</span> <span class='ocrx_word' id='word_1_30' title='bbox 683 334 992 372; x_wconf 84' lang='lat' dir='ltr'>proelamacionibus</span> <span class='ocrx_word' id='word_1_31' title='bbox 1011 335 1163 373; x_wconf 77' lang='lat' dir='ltr'>predictis</span> <span class='ocrx_word' id='word_1_32' title='bbox 1182 338 1219 365; x_wconf 91' lang='lat' dir='ltr'>ut</span> <span class='ocrx_word' id='word_1_33' title='bbox 1237 335 1459 373; x_wconf 86' lang='lat' dir='ltr'>supradictum</span> <span class='ocrx_word' id='word_1_34' title='bbox 1479 339 1527 366; x_wconf 90' lang='lat' dir='ltr'>est</span> <span class='ocrx_word' id='word_1_35' title='bbox 1546 335 1753 374; x_wconf 81' lang='lat' dir='ltr'>solempniter</span> <span class='ocrx_word' id='word_1_36' title='bbox 1772 335 1867 366; x_wconf 86' lang='lat' dir='ltr'>factis</span> 
     </span>
     <span class='ocr_line' id='line_1_6' title="bbox 525 384 1867 423; baseline 0.001 -9"><span class='ocrx_word' id='word_1_37' title='bbox 525 384 631 415; x_wconf 88' lang='lat' dir='ltr'>nullus</span> <span class='ocrx_word' id='word_1_38' title='bbox 643 384 684 415; x_wconf 88' lang='lat' dir='ltr'>ad</span> <span class='ocrx_word' id='word_1_39' title='bbox 697 384 839 414; x_wconf 87' lang='lat' dir='ltr'>Oetabas</span> <span class='ocrx_word' id='word_1_40' title='bbox 851 384 1011 422; x_wconf 84' lang='lat' dir='ltr'>predictas</span> <span class='ocrx_word' id='word_1_41' title='bbox 1024 384 1113 415; x_wconf 88' lang='lat' dir='ltr'>venit</span> <span class='ocrx_word' id='word_1_42' title='bbox 1125 385 1166 415; x_wconf 86' lang='lat' dir='ltr'>ad</span> <span class='ocrx_word' id='word_1_43' title='bbox 1178 384 1418 415; x_wconf 83' lang='lat' dir='ltr'>informandum</span> <span class='ocrx_word' id='word_1_44' title='bbox 1431 385 1554 415; x_wconf 90' lang='lat' dir='ltr'>dictum</span> <span class='ocrx_word' id='word_1_45' title='bbox 1567 384 1733 415; x_wconf 91' lang='lat' dir='ltr'>dominum</span> <span class='ocrx_word' id='word_1_46' title='bbox 1746 385 1867 423; x_wconf 82' lang='lat' dir='ltr'>Regem</span> 
     </span>
     <span class='ocr_line' id='line_1_7' title="bbox 525 434 1867 473; baseline 0.001 -10"><span class='ocrx_word' id='word_1_47' title='bbox 525 444 582 464; x_wconf 90' lang='lat' dir='ltr'>nec</span> <span class='ocrx_word' id='word_1_48' title='bbox 600 434 766 464; x_wconf 84' lang='lat' dir='ltr'>consilium</span> <span class='ocrx_word' id='word_1_49' title='bbox 784 444 878 464; x_wconf 92' lang='lat' dir='ltr'>suum</span> <span class='ocrx_word' id='word_1_50' title='bbox 895 444 949 464; x_wconf 88' lang='lat' dir='ltr'>seu</span> <span class='ocrx_word' id='word_1_51' title='bbox 966 434 1087 472; x_wconf 86' lang='lat' dir='ltr'>aliquid</span> <span class='ocrx_word' id='word_1_52' title='bbox 1105 444 1162 472; x_wconf 92' lang='lat' dir='ltr'>pro</span> <span class='ocrx_word' id='word_1_53' title='bbox 1179 434 1290 464; x_wconf 87' lang='lat' dir='ltr'>eodem</span> <span class='ocrx_word' id='word_1_54' title='bbox 1308 434 1439 465; x_wconf 91' lang='lat' dir='ltr'>domino</span> <span class='ocrx_word' id='word_1_55' title='bbox 1456 434 1542 473; x_wconf 86' lang='lat' dir='ltr'>Rege</span> <span class='ocrx_word' id='word_1_56' title='bbox 1559 445 1669 465; x_wconf 86' lang='lat' dir='ltr'>versus</span> <span class='ocrx_word' id='word_1_57' title='bbox 1686 435 1867 473; x_wconf 85' lang='lat' dir='ltr'>predictum</span> 
     </span>
     <span class='ocr_line' id='line_1_8' title="bbox 527 483 1868 522; baseline 0.001 -9"><span class='ocrx_word' id='word_1_58' title='bbox 527 484 703 514; x_wconf 80' lang='lat' dir='ltr'>Iohannem</span> <span class='ocrx_word' id='word_1_59' title='bbox 726 484 824 521; x_wconf 77' lang='lat' dir='ltr'>Davy</span> <span class='ocrx_word' id='word_1_60' title='bbox 845 483 877 513; x_wconf 90' lang='lat' dir='ltr'>in</span> <span class='ocrx_word' id='word_1_61' title='bbox 901 484 1036 514; x_wconf 88' lang='lat' dir='ltr'>materia</span> <span class='ocrx_word' id='word_1_62' title='bbox 1057 484 1243 522; x_wconf 85' lang='lat' dir='ltr'>supradicta</span> <span class='ocrx_word' id='word_1_63' title='bbox 1263 484 1468 522; x_wconf 86' lang='lat' dir='ltr'>allegandum</span> <span class='ocrx_word' id='word_1_64' title='bbox 1488 484 1539 514; x_wconf 89' lang='lat' dir='ltr'>vel</span> <span class='ocrx_word' id='word_1_65' title='bbox 1560 484 1773 522; x_wconf 89' lang='lat' dir='ltr'>obiciendum,</span> <span class='ocrx_word' id='word_1_66' title='bbox 1796 484 1868 515; x_wconf 89' lang='lat' dir='ltr'>ideo</span> 
     </span>
     <span class='ocr_line' id='line_1_9' title="bbox 526 533 1868 572; baseline 0.001 -9"><span class='ocrx_word' id='word_1_67' title='bbox 526 533 689 572; x_wconf 81' lang='lat' dir='ltr'>predictus</span> <span class='ocrx_word' id='word_1_68' title='bbox 704 533 863 564; x_wconf 88' lang='lat' dir='ltr'>Iohannes</span> <span class='ocrx_word' id='word_1_69' title='bbox 877 534 975 571; x_wconf 87' lang='lat' dir='ltr'>Davy</span> <span class='ocrx_word' id='word_1_70' title='bbox 989 544 1045 571; x_wconf 87' lang='lat' dir='ltr'>per</span> <span class='ocrx_word' id='word_1_71' title='bbox 1060 533 1183 564; x_wconf 91' lang='lat' dir='ltr'>dictum</span> <span class='ocrx_word' id='word_1_72' title='bbox 1197 533 1364 564; x_wconf 89' lang='lat' dir='ltr'>dominum</span> <span class='ocrx_word' id='word_1_73' title='bbox 1378 533 1614 564; x_wconf 87' lang='lat' dir='ltr'>Cancellarium</span> <span class='ocrx_word' id='word_1_74' title='bbox 1627 537 1659 564; x_wconf 91' lang='lat' dir='ltr'>et</span> <span class='ocrx_word' id='word_1_75' title='bbox 1672 534 1868 565; x_wconf 87' lang='lat' dir='ltr'>auctoritate</span> 
     </span>
     <span class='ocr_line' id='line_1_10' title="bbox 526 583 1869 622; baseline 0.001 -9"><span class='ocrx_word' id='word_1_76' title='bbox 526 583 632 613; x_wconf 88' lang='lat' dir='ltr'>breuis</span> <span class='ocrx_word' id='word_1_77' title='bbox 653 583 788 621; x_wconf 80' lang='lat' dir='ltr'>predicti</span> <span class='ocrx_word' id='word_1_78' title='bbox 809 583 958 613; x_wconf 83' lang='lat' dir='ltr'>dimissus</span> <span class='ocrx_word' id='word_1_79' title='bbox 977 586 1025 613; x_wconf 86' lang='lat' dir='ltr'>est</span> <span class='ocrx_word' id='word_1_80' title='bbox 1045 583 1084 614; x_wconf 91' lang='lat' dir='ltr'>de</span> <span class='ocrx_word' id='word_1_81' title='bbox 1100 583 1199 614; x_wconf 86' lang='lat' dir='ltr'>Curia</span> <span class='ocrx_word' id='word_1_82' title='bbox 1215 583 1430 614; x_wconf 86' lang='lat' dir='ltr'>Cancellarie⁷</span> <span class='ocrx_word' id='word_1_83' title='bbox 1451 583 1637 622; x_wconf 89' lang='lat' dir='ltr'>supradicta</span> <span class='ocrx_word' id='word_1_84' title='bbox 1652 583 1781 622; x_wconf 86' lang='lat' dir='ltr'>quietus</span> <span class='ocrx_word' id='word_1_85' title='bbox 1801 583 1869 614; x_wconf 88' lang='lat' dir='ltr'>sine</span> 
     </span>
     <span class='ocr_line' id='line_1_11' title="bbox 527 632 1869 672; baseline 0.001 -9"><span class='ocrx_word' id='word_1_86' title='bbox 527 632 587 670; x_wconf 83' lang='lat' dir='ltr'>die,</span> <span class='ocrx_word' id='word_1_87' title='bbox 604 633 735 671; x_wconf 80' lang='lat' dir='ltr'>ipseque</span> <span class='ocrx_word' id='word_1_88' title='bbox 751 636 783 663; x_wconf 93' lang='lat' dir='ltr'>et</span> <span class='ocrx_word' id='word_1_89' title='bbox 798 636 1046 671; x_wconf 85' lang='lat' dir='ltr'>manucaptores</span> <span class='ocrx_word' id='word_1_90' title='bbox 1062 633 1110 663; x_wconf 89' lang='lat' dir='ltr'>sui</span> <span class='ocrx_word' id='word_1_91' title='bbox 1126 633 1158 663; x_wconf 91' lang='lat' dir='ltr'>in</span> <span class='ocrx_word' id='word_1_92' title='bbox 1174 633 1233 664; x_wconf 89' lang='lat' dir='ltr'>hac</span> <span class='ocrx_word' id='word_1_93' title='bbox 1250 636 1341 672; x_wconf 84' lang='lat' dir='ltr'>parte</span> <span class='ocrx_word' id='word_1_94' title='bbox 1357 633 1523 664; x_wconf 78' lang='lat' dir='ltr'>occasione</span> <span class='ocrx_word' id='word_1_95' title='bbox 1538 633 1765 672; x_wconf 84' lang='lat' dir='ltr'>premissorum</span> <span class='ocrx_word' id='word_1_96' title='bbox 1781 633 1869 672; x_wconf 89' lang='lat' dir='ltr'>peni-</span> 
     </span>
     <span class='ocr_line' id='line_1_12' title="bbox 527 682 1515 721; baseline 0.001 -8"><span class='ocrx_word' id='word_1_97' title='bbox 527 685 580 713; x_wconf 88' lang='lat' dir='ltr'>tus</span> <span class='ocrx_word' id='word_1_98' title='bbox 595 682 669 713; x_wconf 90' lang='lat' dir='ltr'>inde</span> <span class='ocrx_word' id='word_1_99' title='bbox 684 686 898 713; x_wconf 82' lang='lat' dir='ltr'>exonerantur</span> <span class='ocrx_word' id='word_1_100' title='bbox 912 687 945 713; x_wconf 90' lang='lat' dir='ltr'>et</span> <span class='ocrx_word' id='word_1_101' title='bbox 960 693 1070 714; x_wconf 90' lang='lat' dir='ltr'>eorum</span> <span class='ocrx_word' id='word_1_102' title='bbox 1086 683 1222 721; x_wconf 84' lang='lat' dir='ltr'>quilibet</span> <span class='ocrx_word' id='word_1_103' title='bbox 1237 686 1437 721; x_wconf 81' lang='lat' dir='ltr'>exoneratur,</span> <span class='ocrx_word' id='word_1_104' title='bbox 1454 686 1515 714; x_wconf 82' lang='lat' dir='ltr'>ete.</span> 
     </span>
    </p>
   </div>
   <div class='ocr_carea' id='block_1_4' title="bbox 844 820 1552 850">
    <p class='ocr_par' dir='ltr' id='par_1_4' title="bbox 844 820 1552 850">
     <span class='ocr_line' id='line_1_13' title="bbox 844 820 1552 850; baseline 0.001 -2"><span class='ocrx_word' id='word_1_105' title='bbox 844 820 1015 849; x_wconf 86' lang='lat' dir='ltr'>HEYRON</span> <span class='ocrx_word' id='word_1_106' title='bbox 1038 829 1059 848; x_wconf 89' lang='lat' dir='ltr'>v.</span> <span class='ocrx_word' id='word_1_107' title='bbox 1081 820 1242 849; x_wconf 87' lang='lat' dir='ltr'><strong>PROUTE</strong></span> <span class='ocrx_word' id='word_1_108' title='bbox 1264 821 1351 849; x_wconf 93' lang='lat' dir='ltr'>AND</span> <span class='ocrx_word' id='word_1_109' title='bbox 1373 820 1552 850; x_wconf 83' lang='lat' dir='ltr'><strong>OTHERS¹</strong></span> 
     </span>
    </p>
   </div>
   <div class='ocr_carea' id='block_1_5' title="bbox 527 897 1873 1734">
    <p class='ocr_par' dir='ltr' id='par_1_5' title="bbox 527 897 1873 1734">
     <span class='ocr_line' id='line_1_14' title="bbox 583 897 1871 937; baseline 0.001 -9"><span class='ocrx_word' id='word_1_110' title='bbox 583 899 651 929; x_wconf 86' lang='lat' dir='ltr'>Rex</span> <span class='ocrx_word' id='word_1_111' title='bbox 676 898 833 929; x_wconf 87' lang='lat' dir='ltr'>uniuersis</span> <span class='ocrx_word' id='word_1_112' title='bbox 857 898 978 928; x_wconf 79' lang='lat' dir='ltr'>Christi</span> <span class='ocrx_word' id='word_1_113' title='bbox 1004 898 1150 929; x_wconf 88' lang='lat' dir='ltr'>fidelibus</span> <span class='ocrx_word' id='word_1_114' title='bbox 1175 898 1216 929; x_wconf 87' lang='lat' dir='ltr'>ad</span> <span class='ocrx_word' id='word_1_115' title='bbox 1242 908 1323 937; x_wconf 86' lang='lat' dir='ltr'>quos</span> <span class='ocrx_word' id='word_1_116' title='bbox 1347 902 1510 937; x_wconf 86' lang='lat' dir='ltr'>presentes</span> <span class='ocrx_word' id='word_1_117' title='bbox 1534 898 1641 929; x_wconf 82' lang='lat' dir='ltr'>littere</span> <span class='ocrx_word' id='word_1_118' title='bbox 1666 897 1871 937; x_wconf 83' lang='lat' dir='ltr'>peruenerint</span> 
     </span>
     <span class='ocr_line' id='line_1_15' title="bbox 528 947 1872 986; baseline 0 -8"><span class='ocrx_word' id='word_1_119' title='bbox 528 948 675 978; x_wconf 83' lang='lat' dir='ltr'>salutem.</span> <span class='ocrx_word' id='word_1_120' title='bbox 717 948 767 978; x_wconf 92' lang='lat' dir='ltr'>Ad</span> <span class='ocrx_word' id='word_1_121' title='bbox 788 947 1008 978; x_wconf 81' lang='lat' dir='ltr'>uniuersitatis</span> <span class='ocrx_word' id='word_1_122' title='bbox 1028 951 1134 978; x_wconf 81' lang='lat' dir='ltr'>vestre</span> <span class='ocrx_word' id='word_1_123' title='bbox 1154 948 1307 978; x_wconf 78' lang='lat' dir='ltr'>noticiam</span> <span class='ocrx_word' id='word_1_124' title='bbox 1328 948 1443 979; x_wconf 89' lang='lat' dir='ltr'>deduci</span> <span class='ocrx_word' id='word_1_125' title='bbox 1462 948 1612 978; x_wconf 87' lang='lat' dir='ltr'>volumus</span> <span class='ocrx_word' id='word_1_126' title='bbox 1632 958 1688 986; x_wconf 91' lang='lat' dir='ltr'>per</span> <span class='ocrx_word' id='word_1_127' title='bbox 1707 951 1872 986; x_wconf 87' lang='lat' dir='ltr'>presentes</span> 
     </span>
     <span class='ocr_line' id='line_1_16' title="bbox 528 997 1871 1036; baseline 0 -8"><span class='ocrx_word' id='word_1_128' title='bbox 528 998 615 1036; x_wconf 90' lang='lat' dir='ltr'>quod</span> <span class='ocrx_word' id='word_1_129' title='bbox 631 998 764 1035; x_wconf 83' lang='lat' dir='ltr'>dudum,</span> <span class='ocrx_word' id='word_1_130' title='bbox 782 997 931 1028; x_wconf 83' lang='lat' dir='ltr'>videlicet</span> <span class='ocrx_word' id='word_1_131' title='bbox 945 1008 1031 1028; x_wconf 87' lang='lat' dir='ltr'>anno</span> <span class='ocrx_word' id='word_1_132' title='bbox 1047 997 1278 1028; x_wconf 84' lang='lat' dir='ltr'>incarnacionis</span> <span class='ocrx_word' id='word_1_133' title='bbox 1293 998 1452 1028; x_wconf 90' lang='lat' dir='ltr'>dominice</span> <span class='ocrx_word' id='word_1_134' title='bbox 1467 997 1641 1028; x_wconf 87' lang='lat' dir='ltr'>Millesimo</span> <span class='ocrx_word' id='word_1_135' title='bbox 1656 997 1871 1036; x_wconf 85' lang='lat' dir='ltr'>quadringen-</span> 
     </span>
     <span class='ocr_line' id='line_1_17' title="bbox 529 1047 1871 1086; baseline 0 -9"><span class='ocrx_word' id='word_1_136' title='bbox 529 1047 643 1078; x_wconf 88' lang='lat' dir='ltr'>tesimo</span> <span class='ocrx_word' id='word_1_137' title='bbox 672 1047 866 1085; x_wconf 86' lang='lat' dir='ltr'>sexagesimo</span> <span class='ocrx_word' id='word_1_138' title='bbox 895 1057 1002 1078; x_wconf 85' lang='lat' dir='ltr'>coram</span> <span class='ocrx_word' id='word_1_139' title='bbox 1031 1047 1169 1078; x_wconf 90' lang='lat' dir='ltr'>dominis</span> <span class='ocrx_word' id='word_1_140' title='bbox 1197 1047 1383 1078; x_wconf 85' lang='lat' dir='ltr'>consiliariis</span> <span class='ocrx_word' id='word_1_141' title='bbox 1411 1047 1519 1086; x_wconf 80' lang='lat' dir='ltr'>magni</span> <span class='ocrx_word' id='word_1_142' title='bbox 1547 1047 1697 1078; x_wconf 88' lang='lat' dir='ltr'>videlicet</span> <span class='ocrx_word' id='word_1_143' title='bbox 1725 1047 1848 1078; x_wconf 87' lang='lat' dir='ltr'>consilii</span> <span class='ocrx_word' id='word_1_144' title='bbox 1860 1048 1871 1065; x_wconf 84' lang='lat'><strong>²</strong></span> 
     </span>
     <span class='ocr_line' id='line_1_18' title="bbox 528 1096 1872 1135; baseline 0 -8"><span class='ocrx_word' id='word_1_145' title='bbox 528 1097 659 1128; x_wconf 87' lang='lat' dir='ltr'>Henriei</span> <span class='ocrx_word' id='word_1_146' title='bbox 673 1107 775 1135; x_wconf 85' lang='lat' dir='ltr'>nuper</span> <span class='ocrx_word' id='word_1_147' title='bbox 789 1097 927 1135; x_wconf 83' lang='lat' dir='ltr'>gerentis</span> <span class='ocrx_word' id='word_1_148' title='bbox 942 1107 974 1127; x_wconf 89' lang='lat' dir='ltr'>se</span> <span class='ocrx_word' id='word_1_149' title='bbox 989 1107 1046 1135; x_wconf 90' lang='lat' dir='ltr'>pro</span> <span class='ocrx_word' id='word_1_150' title='bbox 1062 1097 1149 1135; x_wconf 82' lang='lat' dir='ltr'>Rege</span> <span class='ocrx_word' id='word_1_151' title='bbox 1163 1097 1276 1135; x_wconf 85' lang='lat' dir='ltr'>Anglie</span> <span class='ocrx_word' id='word_1_152' title='bbox 1291 1100 1364 1135; x_wconf 87' lang='lat' dir='ltr'>post</span> <span class='ocrx_word' id='word_1_153' title='bbox 1379 1100 1592 1135; x_wconf 84' lang='lat' dir='ltr'>conquestum</span> <span class='ocrx_word' id='word_1_154' title='bbox 1607 1097 1688 1127; x_wconf 86' lang='lat' dir='ltr'>sexti</span> <span class='ocrx_word' id='word_1_155' title='bbox 1702 1096 1734 1127; x_wconf 92' lang='lat' dir='ltr'>in</span> <span class='ocrx_word' id='word_1_156' title='bbox 1749 1107 1872 1135; x_wconf 87' lang='lat' dir='ltr'>posses-</span> 
     </span>
     <span class='ocr_line' id='line_1_19' title="bbox 527 1146 1871 1185; baseline 0 -8"><span class='ocrx_word' id='word_1_157' title='bbox 527 1147 615 1177; x_wconf 87' lang='lat' dir='ltr'>sione</span> <span class='ocrx_word' id='word_1_158' title='bbox 635 1146 777 1177; x_wconf 90' lang='lat' dir='ltr'>eiusdem</span> <span class='ocrx_word' id='word_1_159' title='bbox 796 1147 884 1185; x_wconf 86' lang='lat' dir='ltr'>regni</span> <span class='ocrx_word' id='word_1_160' title='bbox 904 1150 981 1178; x_wconf 91' lang='lat' dir='ltr'>tunc</span> <span class='ocrx_word' id='word_1_161' title='bbox 1001 1147 1040 1177; x_wconf 90' lang='lat' dir='ltr'>de</span> <span class='ocrx_word' id='word_1_162' title='bbox 1060 1147 1147 1177; x_wconf 85' lang='lat' dir='ltr'>facto</span> <span class='ocrx_word' id='word_1_163' title='bbox 1166 1147 1332 1177; x_wconf 86' lang='lat' dir='ltr'>existentis</span> <span class='ocrx_word' id='word_1_164' title='bbox 1352 1147 1392 1178; x_wconf 87' lang='lat' dir='ltr'>ad</span> <span class='ocrx_word' id='word_1_165' title='bbox 1412 1147 1610 1178; x_wconf 87' lang='lat' dir='ltr'>audiendum</span> <span class='ocrx_word' id='word_1_166' title='bbox 1629 1147 1871 1178; x_wconf 84' lang='lat' dir='ltr'>terminandum</span> 
     </span>
     <span class='ocr_line' id='line_1_20' title="bbox 527 1196 1871 1235; baseline 0 -8"><span class='ocrx_word' id='word_1_167' title='bbox 527 1200 560 1227; x_wconf 91' lang='lat' dir='ltr'>et</span> <span class='ocrx_word' id='word_1_168' title='bbox 585 1196 798 1227; x_wconf 87' lang='lat' dir='ltr'>decidendum</span> <span class='ocrx_word' id='word_1_169' title='bbox 823 1207 935 1227; x_wconf 80' lang='lat' dir='ltr'>causas</span> <span class='ocrx_word' id='word_1_170' title='bbox 960 1196 1143 1235; x_wconf 86' lang='lat' dir='ltr'>questiones</span> <span class='ocrx_word' id='word_1_171' title='bbox 1167 1200 1200 1227; x_wconf 88' lang='lat' dir='ltr'>et</span> <span class='ocrx_word' id='word_1_172' title='bbox 1225 1197 1459 1227; x_wconf 88' lang='lat' dir='ltr'>controuersias</span> <span class='ocrx_word' id='word_1_173' title='bbox 1481 1207 1701 1235; x_wconf 84' lang='lat' dir='ltr'>quascumque</span> <span class='ocrx_word' id='word_1_174' title='bbox 1726 1196 1758 1226; x_wconf 92' lang='lat' dir='ltr'>in</span> <span class='ocrx_word' id='word_1_175' title='bbox 1783 1196 1871 1227; x_wconf 82' lang='lat' dir='ltr'>dicto</span> 
     </span>
     <span class='ocr_line' id='line_1_21' title="bbox 528 1246 1872 1285; baseline 0 -9"><span class='ocrx_word' id='word_1_176' title='bbox 528 1257 624 1285; x_wconf 86' lang='lat' dir='ltr'>regno</span> <span class='ocrx_word' id='word_1_177' title='bbox 642 1256 699 1285; x_wconf 91' lang='lat' dir='ltr'>pro</span> <span class='ocrx_word' id='word_1_178' title='bbox 716 1250 861 1285; x_wconf 87' lang='lat' dir='ltr'>tempore</span> <span class='ocrx_word' id='word_1_179' title='bbox 877 1250 984 1277; x_wconf 82' lang='lat' dir='ltr'>motas</span> <span class='ocrx_word' id='word_1_180' title='bbox 1000 1246 1159 1277; x_wconf 90' lang='lat' dir='ltr'>iudicibus</span> <span class='ocrx_word' id='word_1_181' title='bbox 1176 1246 1435 1285; x_wconf 87' lang='lat' dir='ltr'>competentibus</span> <span class='ocrx_word' id='word_1_182' title='bbox 1452 1250 1542 1277; x_wconf 89' lang='lat' dir='ltr'>mota</span> <span class='ocrx_word' id='word_1_183' title='bbox 1558 1246 1621 1277; x_wconf 88' lang='lat' dir='ltr'>fuit</span> <span class='ocrx_word' id='word_1_184' title='bbox 1637 1249 1670 1277; x_wconf 89' lang='lat' dir='ltr'>et</span> <span class='ocrx_word' id='word_1_185' title='bbox 1686 1257 1706 1277; x_wconf 83' lang='lat' dir='ltr'>a</span> <span class='ocrx_word' id='word_1_186' title='bbox 1723 1246 1778 1277; x_wconf 92' lang='lat' dir='ltr'>diu</span> <span class='ocrx_word' id='word_1_187' title='bbox 1795 1256 1872 1284; x_wconf 89' lang='lat' dir='ltr'>pen-</span> 
     </span>
     <span class='ocr_line' id='line_1_22' title="bbox 528 1295 1872 1334; baseline -0.001 -7"><span class='ocrx_word' id='word_1_188' title='bbox 528 1296 627 1327; x_wconf 82' lang='lat' dir='ltr'>debat</span> <span class='ocrx_word' id='word_1_189' title='bbox 642 1299 741 1334; x_wconf 83' lang='lat' dir='ltr'>atque</span> <span class='ocrx_word' id='word_1_190' title='bbox 757 1296 796 1327; x_wconf 90' lang='lat' dir='ltr'>de</span> <span class='ocrx_word' id='word_1_191' title='bbox 812 1296 952 1334; x_wconf 84' lang='lat' dir='ltr'>presenti</span> <span class='ocrx_word' id='word_1_192' title='bbox 968 1296 1087 1334; x_wconf 83' lang='lat' dir='ltr'>pendet</span> <span class='ocrx_word' id='word_1_193' title='bbox 1102 1296 1243 1327; x_wconf 84' lang='lat' dir='ltr'>indecisa</span> <span class='ocrx_word' id='word_1_194' title='bbox 1258 1296 1398 1334; x_wconf 86' lang='lat' dir='ltr'>quedam</span> <span class='ocrx_word' id='word_1_195' title='bbox 1417 1306 1514 1327; x_wconf 86' lang='lat' dir='ltr'>causa</span> <span class='ocrx_word' id='word_1_196' title='bbox 1529 1296 1596 1326; x_wconf 89' lang='lat' dir='ltr'>siue</span> <span class='ocrx_word' id='word_1_197' title='bbox 1612 1295 1740 1334; x_wconf 86' lang='lat' dir='ltr'>querela</span> <span class='ocrx_word' id='word_1_198' title='bbox 1756 1295 1872 1334; x_wconf 85' lang='lat' dir='ltr'>spolia-</span> 
     </span>
     <span class='ocr_line' id='line_1_23' title="bbox 529 1345 1872 1384; baseline 0 -8"><span class='ocrx_word' id='word_1_199' title='bbox 529 1346 628 1377; x_wconf 86' lang='lat' dir='ltr'>eionis</span> <span class='ocrx_word' id='word_1_200' title='bbox 655 1356 710 1376; x_wconf 89' lang='lat' dir='ltr'>seu</span> <span class='ocrx_word' id='word_1_201' title='bbox 739 1345 971 1377; x_wconf 87' lang='lat' dir='ltr'>subtraccionis</span> <span class='ocrx_word' id='word_1_202' title='bbox 999 1349 1159 1376; x_wconf 84' lang='lat' dir='ltr'>certarum</span> <span class='ocrx_word' id='word_1_203' title='bbox 1187 1346 1334 1376; x_wconf 82' lang='lat' dir='ltr'>lanarum</span> <span class='ocrx_word' id='word_1_204' title='bbox 1363 1346 1494 1376; x_wconf 84' lang='lat' dir='ltr'>Ricardi</span> <span class='ocrx_word' id='word_1_205' title='bbox 1522 1346 1678 1384; x_wconf 87' lang='lat' dir='ltr'>Heyron³</span> <span class='ocrx_word' id='word_1_206' title='bbox 1706 1346 1872 1384; x_wconf 88' lang='lat' dir='ltr'>quondam</span> 
     </span>
     <span class='ocr_line' id='line_1_24' title="bbox 529 1395 1871 1434; baseline 0 -8"><span class='ocrx_word' id='word_1_207' title='bbox 529 1396 672 1427; x_wconf 88' lang='lat' dir='ltr'>ciuitatis</span> <span class='ocrx_word' id='word_1_208' title='bbox 685 1399 793 1426; x_wconf 91' lang='lat' dir='ltr'>nostre</span> <span class='ocrx_word' id='word_1_209' title='bbox 805 1395 950 1426; x_wconf 80' lang='lat' dir='ltr'>London’</span> <span class='ocrx_word' id='word_1_210' title='bbox 963 1399 995 1426; x_wconf 89' lang='lat' dir='ltr'>et</span> <span class='ocrx_word' id='word_1_211' title='bbox 1006 1395 1193 1426; x_wconf 88' lang='lat' dir='ltr'>mercatoris</span> <span class='ocrx_word' id='word_1_212' title='bbox 1204 1395 1330 1434; x_wconf 88' lang='lat' dir='ltr'>stapule</span> <span class='ocrx_word' id='word_1_213' title='bbox 1341 1395 1415 1426; x_wconf 85' lang='lat' dir='ltr'>ville</span> <span class='ocrx_word' id='word_1_214' title='bbox 1426 1399 1534 1426; x_wconf 89' lang='lat' dir='ltr'>nostre</span> <span class='ocrx_word' id='word_1_215' title='bbox 1546 1395 1650 1426; x_wconf 85' lang='lat' dir='ltr'>Cales&#39;</span> <span class='ocrx_word' id='word_1_216' title='bbox 1663 1405 1699 1426; x_wconf 88' lang='lat' dir='ltr'>ac</span> <span class='ocrx_word' id='word_1_217' title='bbox 1712 1398 1871 1426; x_wconf 85' lang='lat' dir='ltr'>certarum</span> 
     </span>
     <span class='ocr_line' id='line_1_25' title="bbox 528 1445 1872 1484; baseline -0.001 -8"><span class='ocrx_word' id='word_1_218' title='bbox 528 1445 719 1484; x_wconf 85' lang='lat' dir='ltr'>injuriarum</span> <span class='ocrx_word' id='word_1_219' title='bbox 750 1445 853 1476; x_wconf 88' lang='lat' dir='ltr'>eidem</span> <span class='ocrx_word' id='word_1_220' title='bbox 885 1445 1025 1476; x_wconf 90' lang='lat' dir='ltr'>Ricardo</span> <span class='ocrx_word' id='word_1_221' title='bbox 1056 1445 1188 1483; x_wconf 87' lang='lat' dir='ltr'>Heyron</span> <span class='ocrx_word' id='word_1_222' title='bbox 1220 1456 1276 1484; x_wconf 88' lang='lat' dir='ltr'>per</span> <span class='ocrx_word' id='word_1_223' title='bbox 1307 1445 1485 1476; x_wconf 88' lang='lat' dir='ltr'>Iohannem</span> <span class='ocrx_word' id='word_1_224' title='bbox 1520 1445 1639 1476; x_wconf 90' lang='lat' dir='ltr'>Proute</span> <span class='ocrx_word' id='word_1_225' title='bbox 1651 1445 1662 1463; x_wconf 75' lang='lat'>4</span> <span class='ocrx_word' id='word_1_226' title='bbox 1694 1445 1872 1476; x_wconf 84' lang='lat' dir='ltr'>Iohannem</span> 
     </span>
     <span class='ocr_line' id='line_1_26' title="bbox 529 1495 1870 1533; baseline -0.001 -7"><span class='ocrx_word' id='word_1_227' title='bbox 529 1495 664 1526; x_wconf 90' lang='lat' dir='ltr'>Walden</span> <span class='ocrx_word' id='word_1_228' title='bbox 681 1495 858 1526; x_wconf 88' lang='lat' dir='ltr'>Iohannem</span> <span class='ocrx_word' id='word_1_229' title='bbox 874 1495 957 1526; x_wconf 83' lang='lat' dir='ltr'>Tate</span> <span class='ocrx_word' id='word_1_230' title='bbox 972 1496 983 1513; x_wconf 80' lang='lat'>⁵</span> <span class='ocrx_word' id='word_1_231' title='bbox 997 1498 1030 1525; x_wconf 90' lang='lat' dir='ltr'>et</span> <span class='ocrx_word' id='word_1_232' title='bbox 1045 1495 1124 1526; x_wconf 90' lang='lat' dir='ltr'>alios</span> <span class='ocrx_word' id='word_1_233' title='bbox 1139 1498 1332 1526; x_wconf 85' lang='lat' dir='ltr'>mercatores</span> <span class='ocrx_word' id='word_1_234' title='bbox 1347 1495 1473 1533; x_wconf 86' lang='lat' dir='ltr'>stapule</span> <span class='ocrx_word' id='word_1_235' title='bbox 1488 1495 1640 1533; x_wconf 85' lang='lat' dir='ltr'>predicte,</span> <span class='ocrx_word' id='word_1_236' title='bbox 1656 1498 1694 1525; x_wconf 87' lang='lat' dir='ltr'>ut</span> <span class='ocrx_word' id='word_1_237' title='bbox 1709 1495 1870 1533; x_wconf 87' lang='lat' dir='ltr'>asseritur,</span> 
     </span>
     <span class='ocr_line' id='line_1_27' title="bbox 529 1544 1873 1583; baseline 0 -8"><span class='ocrx_word' id='word_1_238' title='bbox 529 1545 690 1576; x_wconf 87' lang='lat' dir='ltr'>factarum</span> <span class='ocrx_word' id='word_1_239' title='bbox 710 1548 743 1576; x_wconf 90' lang='lat' dir='ltr'>et</span> <span class='ocrx_word' id='word_1_240' title='bbox 762 1545 935 1583; x_wconf 84' lang='lat' dir='ltr'>illatarum,</span> <span class='ocrx_word' id='word_1_241' title='bbox 958 1545 990 1575; x_wconf 92' lang='lat' dir='ltr'>in</span> <span class='ocrx_word' id='word_1_242' title='bbox 1011 1555 1075 1583; x_wconf 86' lang='lat' dir='ltr'>qua</span> <span class='ocrx_word' id='word_1_243' title='bbox 1095 1545 1225 1583; x_wconf 87' lang='lat' dir='ltr'>quidem</span> <span class='ocrx_word' id='word_1_244' title='bbox 1247 1555 1343 1576; x_wconf 89' lang='lat' dir='ltr'>causa</span> <span class='ocrx_word' id='word_1_245' title='bbox 1363 1555 1419 1583; x_wconf 88' lang='lat' dir='ltr'>per</span> <span class='ocrx_word' id='word_1_246' title='bbox 1439 1548 1565 1583; x_wconf 86' lang='lat' dir='ltr'>partem</span> <span class='ocrx_word' id='word_1_247' title='bbox 1585 1544 1721 1583; x_wconf 90' lang='lat' dir='ltr'>predicti</span> <span class='ocrx_word' id='word_1_248' title='bbox 1741 1544 1873 1575; x_wconf 87' lang='lat' dir='ltr'>Ricardi</span> 
     </span>
     <span class='ocr_line' id='line_1_28' title="bbox 530 1594 1873 1633; baseline -0.001 -8"><span class='ocrx_word' id='word_1_249' title='bbox 530 1595 662 1633; x_wconf 85' lang='lat' dir='ltr'>Heyron</span> <span class='ocrx_word' id='word_1_250' title='bbox 680 1595 845 1633; x_wconf 86' lang='lat' dir='ltr'>proposita</span> <span class='ocrx_word' id='word_1_251' title='bbox 862 1598 895 1626; x_wconf 89' lang='lat' dir='ltr'>et</span> <span class='ocrx_word' id='word_1_252' title='bbox 911 1594 1095 1626; x_wconf 85' lang='lat' dir='ltr'>ministrata</span> <span class='ocrx_word' id='word_1_253' title='bbox 1112 1594 1175 1625; x_wconf 87' lang='lat' dir='ltr'>fuit</span> <span class='ocrx_word' id='word_1_254' title='bbox 1191 1595 1331 1633; x_wconf 84' lang='lat' dir='ltr'>quedam</span> <span class='ocrx_word' id='word_1_255' title='bbox 1348 1595 1465 1633; x_wconf 88' lang='lat' dir='ltr'>peticio</span> <span class='ocrx_word' id='word_1_256' title='bbox 1485 1598 1598 1626; x_wconf 87' lang='lat' dir='ltr'>contra</span> <span class='ocrx_word' id='word_1_257' title='bbox 1615 1595 1738 1625; x_wconf 87' lang='lat' dir='ltr'>dictum</span> <span class='ocrx_word' id='word_1_258' title='bbox 1756 1594 1873 1625; x_wconf 83' lang='lat' dir='ltr'>Iohan-</span> 
     </span>
     <span class='ocr_line' id='line_1_29' title="bbox 530 1644 1872 1683; baseline -0.001 -8"><span class='ocrx_word' id='word_1_259' title='bbox 530 1655 603 1675; x_wconf 90' lang='lat' dir='ltr'>nem</span> <span class='ocrx_word' id='word_1_260' title='bbox 622 1645 751 1682; x_wconf 77' lang='lat' dir='ltr'>Proute,</span> <span class='ocrx_word' id='word_1_261' title='bbox 771 1644 1044 1676; x_wconf 87' lang='lat' dir='ltr'>locumtenentem</span> <span class='ocrx_word' id='word_1_262' title='bbox 1063 1644 1194 1683; x_wconf 86' lang='lat' dir='ltr'>majoris</span> <span class='ocrx_word' id='word_1_263' title='bbox 1213 1644 1339 1683; x_wconf 86' lang='lat' dir='ltr'>stapule</span> <span class='ocrx_word' id='word_1_264' title='bbox 1358 1644 1510 1683; x_wconf 85' lang='lat' dir='ltr'>predicte,</span> <span class='ocrx_word' id='word_1_265' title='bbox 1531 1648 1563 1675; x_wconf 89' lang='lat' dir='ltr'>et</span> <span class='ocrx_word' id='word_1_266' title='bbox 1581 1644 1660 1675; x_wconf 88' lang='lat' dir='ltr'>alios</span> <span class='ocrx_word' id='word_1_267' title='bbox 1678 1647 1872 1675; x_wconf 86' lang='lat' dir='ltr'>mercatores</span> 
     </span>
     <span class='ocr_line' id='line_1_30' title="bbox 529 1693 1872 1734; baseline -0.001 -9"><span class='ocrx_word' id='word_1_268' title='bbox 529 1695 672 1725; x_wconf 89' lang='lat' dir='ltr'>eiusdem</span> <span class='ocrx_word' id='word_1_269' title='bbox 691 1695 783 1734; x_wconf 89' lang='lat' dir='ltr'>cujus</span> <span class='ocrx_word' id='word_1_270' title='bbox 804 1698 896 1725; x_wconf 79' lang='lat' dir='ltr'>tenor</span> <span class='ocrx_word' id='word_1_271' title='bbox 916 1694 990 1725; x_wconf 82' lang='lat' dir='ltr'>talis</span> <span class='ocrx_word' id='word_1_272' title='bbox 1010 1698 1071 1725; x_wconf 90' lang='lat' dir='ltr'>est:</span> <span class='ocrx_word' id='word_1_273' title='bbox 1104 1694 1320 1733; x_wconf 85' lang='lat' dir='ltr'>Lamentably</span> <span class='ocrx_word' id='word_1_274' title='bbox 1341 1694 1567 1732; x_wconf 88' lang='lat' dir='ltr'>compleyneth</span> <span class='ocrx_word' id='word_1_275' title='bbox 1587 1697 1668 1725; x_wconf 90' lang='lat' dir='ltr'>unto</span> <span class='ocrx_word' id='word_1_276' title='bbox 1687 1704 1770 1732; x_wconf 89' lang='lat' dir='ltr'>your</span> <span class='ocrx_word' id='word_1_277' title='bbox 1789 1693 1872 1732; x_wconf 83' lang='lat' dir='ltr'>good</span> 
     </span>
    </p>
   </div>
   <div class='ocr_carea' id='block_1_6' title="bbox 531 1780 1873 1887">
    <p class='ocr_par' dir='ltr' id='par_1_6' title="bbox 531 1780 1873 1887">
     <span class='ocr_line' id='line_1_31' title="bbox 578 1780 1872 1813; baseline -0.001 -6"><span class='ocrx_word' id='word_1_278' title='bbox 578 1784 586 1798; x_wconf 97' lang='lat'>⁷</span> <span class='ocrx_word' id='word_1_279' title='bbox 605 1782 649 1807; x_wconf 90' lang='lat' dir='ltr'>On</span> <span class='ocrx_word' id='word_1_280' title='bbox 673 1781 719 1807; x_wconf 86' lang='lat' dir='ltr'>the</span> <span class='ocrx_word' id='word_1_281' title='bbox 747 1785 825 1807; x_wconf 89' lang='lat' dir='ltr'>court</span> <span class='ocrx_word' id='word_1_282' title='bbox 851 1781 880 1808; x_wconf 81' lang='lat' dir='ltr'>of</span> <span class='ocrx_word' id='word_1_283' title='bbox 906 1781 1042 1813; x_wconf 86' lang='lat' dir='ltr'>chancery</span> <span class='ocrx_word' id='word_1_284' title='bbox 1065 1781 1120 1807; x_wconf 84' lang='lat' dir='ltr'>and</span> <span class='ocrx_word' id='word_1_285' title='bbox 1143 1781 1179 1807; x_wconf 87' lang='lat' dir='ltr'>its</span> <span class='ocrx_word' id='word_1_286' title='bbox 1261 1781 1324 1807; x_wconf 78' lang='lat' dir='ltr'>²On</span> <span class='ocrx_word' id='word_1_287' title='bbox 1334 1781 1381 1807; x_wconf 88' lang='lat' dir='ltr'>the</span> <span class='ocrx_word' id='word_1_288' title='bbox 1392 1789 1440 1807; x_wconf 87' lang='lat' dir='ltr'>use</span> <span class='ocrx_word' id='word_1_289' title='bbox 1451 1781 1480 1807; x_wconf 85' lang='lat' dir='ltr'>of</span> <span class='ocrx_word' id='word_1_290' title='bbox 1489 1781 1536 1806; x_wconf 83' lang='lat' dir='ltr'>the</span> <span class='ocrx_word' id='word_1_291' title='bbox 1545 1782 1726 1813; x_wconf 83' lang='lat' dir='ltr'>term“great</span> <span class='ocrx_word' id='word_1_292' title='bbox 1738 1780 1872 1812; x_wconf 77' lang='lat' dir='ltr'>council,‘’</span> 
     </span>
     <span class='ocr_line' id='line_1_32' title="bbox 531 1817 1873 1851; baseline -0.001 -7"><span class='ocrx_word' id='word_1_293' title='bbox 531 1819 647 1845; x_wconf 80' lang='lat' dir='ltr'>relation</span> <span class='ocrx_word' id='word_1_294' title='bbox 670 1822 699 1845; x_wconf 80' lang='lat' dir='ltr'>to</span> <span class='ocrx_word' id='word_1_295' title='bbox 722 1819 768 1845; x_wconf 82' lang='lat' dir='ltr'>the</span> <span class='ocrx_word' id='word_1_296' title='bbox 791 1819 904 1850; x_wconf 82' lang='lat' dir='ltr'>eouncil,</span> <span class='ocrx_word' id='word_1_297' title='bbox 931 1828 974 1844; x_wconf 85' lang='lat' dir='ltr'>see</span> <span class='ocrx_word' id='word_1_298' title='bbox 997 1819 1103 1845; x_wconf 84' lang='lat' dir='ltr'>Introd.</span> <span class='ocrx_word' id='word_1_299' title='bbox 1130 1828 1177 1851; x_wconf 89' lang='lat' dir='ltr'>pp.</span> <span class='ocrx_word' id='word_1_300' title='bbox 1227 1819 1354 1850; x_wconf 80' lang='lat' dir='ltr'>meaning</span> <span class='ocrx_word' id='word_1_301' title='bbox 1376 1821 1425 1844; x_wconf 90' lang='lat' dir='ltr'>not</span> <span class='ocrx_word' id='word_1_302' title='bbox 1448 1818 1611 1850; x_wconf 80' lang='lat' dir='ltr'>necessarily</span> <span class='ocrx_word' id='word_1_303' title='bbox 1633 1827 1649 1844; x_wconf 87' lang='lat' dir='ltr'>a</span> <span class='ocrx_word' id='word_1_304' title='bbox 1672 1818 1744 1850; x_wconf 83' lang='lat' dir='ltr'>large</span> <span class='ocrx_word' id='word_1_305' title='bbox 1767 1817 1873 1844; x_wconf 86' lang='lat' dir='ltr'>council</span> 
     </span>
     <span class='ocr_line' id='line_1_33' title="bbox 531 1854 1873 1887; baseline -0.001 -5"><span class='ocrx_word' id='word_1_306' title='bbox 531 1857 676 1883; x_wconf 81' lang='lat' dir='ltr'>xxiii-xxv.</span> <span class='ocrx_word' id='word_1_307' title='bbox 1226 1856 1277 1881; x_wconf 87' lang='lat' dir='ltr'>but</span> <span class='ocrx_word' id='word_1_308' title='bbox 1294 1855 1386 1881; x_wconf 82' lang='lat' dir='ltr'>rather</span> <span class='ocrx_word' id='word_1_309' title='bbox 1403 1864 1419 1881; x_wconf 86' lang='lat' dir='ltr'>a</span> <span class='ocrx_word' id='word_1_310' title='bbox 1435 1855 1541 1881; x_wconf 87' lang='lat' dir='ltr'>council</span> <span class='ocrx_word' id='word_1_311' title='bbox 1558 1855 1586 1881; x_wconf 85' lang='lat' dir='ltr'>of</span> <span class='ocrx_word' id='word_1_312' title='bbox 1602 1858 1679 1887; x_wconf 85' lang='lat' dir='ltr'>great</span> <span class='ocrx_word' id='word_1_313' title='bbox 1695 1864 1766 1887; x_wconf 85' lang='lat' dir='ltr'>men,</span> <span class='ocrx_word' id='word_1_314' title='bbox 1784 1854 1873 1881; x_wconf 87' lang='lat' dir='ltr'>which</span> 
     </span>
    </p>
   </div>
   <div class='ocr_carea' id='block_1_7' title="bbox 532 1893 1874 2075">
    <p class='ocr_par' dir='ltr' id='par_1_7' title="bbox 532 1893 1874 2075">
     <span class='ocr_line' id='line_1_34' title="bbox 578 1893 1874 1925; baseline -0.001 -6"><span class='ocrx_word' id='word_1_315' title='bbox 578 1896 585 1910; x_wconf 87' lang='lat'>¹</span> <span class='ocrx_word' id='word_1_316' title='bbox 606 1894 717 1919; x_wconf 72' lang='lat' dir='ltr'>Cozmcil</span> <span class='ocrx_word' id='word_1_317' title='bbox 729 1894 782 1919; x_wconf 76' lang='lat' dir='ltr'>and</span> <span class='ocrx_word' id='word_1_318' title='bbox 796 1894 876 1924; x_wconf 73' lang='lat' dir='ltr'>Priry</span> <span class='ocrx_word' id='word_1_319' title='bbox 887 1893 949 1919; x_wconf 77' lang='lat' dir='ltr'>Seal</span> <span class='ocrx_word' id='word_1_320' title='bbox 964 1893 1060 1924; x_wconf 86' lang='lat' dir='ltr'>(Exch.</span> <span class='ocrx_word' id='word_1_321' title='bbox 1073 1893 1106 1918; x_wconf 93' lang='lat' dir='ltr'>T.</span> <span class='ocrx_word' id='word_1_322' title='bbox 1120 1894 1177 1924; x_wconf 87' lang='lat' dir='ltr'>R.),</span> <span class='ocrx_word' id='word_1_323' title='bbox 1227 1893 1315 1925; x_wconf 86' lang='lat' dir='ltr'>might</span> <span class='ocrx_word' id='word_1_324' title='bbox 1325 1893 1382 1919; x_wconf 83' lang='lat' dir='ltr'>also</span> <span class='ocrx_word' id='word_1_325' title='bbox 1393 1893 1426 1918; x_wconf 93' lang='lat' dir='ltr'>be</span> <span class='ocrx_word' id='word_1_326' title='bbox 1436 1902 1452 1918; x_wconf 82' lang='lat' dir='ltr'>a</span> <span class='ocrx_word' id='word_1_327' title='bbox 1462 1893 1542 1925; x_wconf 86' lang='lat' dir='ltr'>privy</span> <span class='ocrx_word' id='word_1_328' title='bbox 1552 1893 1665 1924; x_wconf 80' lang='lat' dir='ltr'>couneil,</span> <span class='ocrx_word' id='word_1_329' title='bbox 1677 1901 1700 1918; x_wconf 85' lang='lat' dir='ltr'>e.</span> <span class='ocrx_word' id='word_1_330' title='bbox 1713 1901 1737 1925; x_wconf 88' lang='lat' dir='ltr'>g.</span> <span class='ocrx_word' id='word_1_331' title='bbox 1748 1901 1874 1924; x_wconf 61' lang='lat' dir='ltr'>magnum</span> 
     </span>
     <span class='ocr_line' id='line_1_35' title="bbox 532 1930 1874 1963; baseline -0.001 -6"><span class='ocrx_word' id='word_1_332' title='bbox 532 1931 576 1957; x_wconf 89' lang='lat' dir='ltr'>file</span> <span class='ocrx_word' id='word_1_333' title='bbox 589 1932 630 1963; x_wconf 77' lang='lat'>89,</span> <span class='ocrx_word' id='word_1_334' title='bbox 646 1933 662 1957; x_wconf 91' lang='lat'>5</span> <span class='ocrx_word' id='word_1_335' title='bbox 676 1930 783 1963; x_wconf 76' lang='lat' dir='ltr'>March,</span> <span class='ocrx_word' id='word_1_336' title='bbox 799 1932 814 1956; x_wconf 89' lang='lat'>3</span> <span class='ocrx_word' id='word_1_337' title='bbox 828 1930 879 1956; x_wconf 90' lang='lat' dir='ltr'>Ed.</span> <span class='ocrx_word' id='word_1_338' title='bbox 895 1931 942 1956; x_wconf 90' lang='lat' dir='ltr'>IV.</span> <span class='ocrx_word' id='word_1_339' title='bbox 974 1931 1017 1956; x_wconf 83' lang='lat' dir='ltr'>An</span> <span class='ocrx_word' id='word_1_340' title='bbox 1030 1930 1178 1962; x_wconf 85' lang='lat' dir='ltr'>exemplifi-</span> <span class='ocrx_word' id='word_1_341' title='bbox 1226 1934 1248 1956; x_wconf 71' lang='lat' dir='ltr'>el</span> <span class='ocrx_word' id='word_1_342' title='bbox 1258 1934 1383 1956; x_wconf 75' lang='lat' dir='ltr'>secretum</span> <span class='ocrx_word' id='word_1_343' title='bbox 1393 1931 1543 1962; x_wconf 72' lang='lat' dir='ltr'>consilium,</span> <span class='ocrx_word' id='word_1_344' title='bbox 1556 1939 1599 1956; x_wconf 87' lang='lat' dir='ltr'>see</span> <span class='ocrx_word' id='word_1_345' title='bbox 1613 1930 1665 1956; x_wconf 77' lang='lat' dir='ltr'>The</span> <span class='ocrx_word' id='word_1_346' title='bbox 1676 1930 1773 1962; x_wconf 77' lang='lat' dir='ltr'>Kiny&#39;s</span> <span class='ocrx_word' id='word_1_347' title='bbox 1785 1930 1874 1956; x_wconf 78' lang='lat' dir='ltr'>Coun—</span> 
     </span>
     <span class='ocr_line' id='line_1_36' title="bbox 533 1967 1426 2000; baseline 0 -6"><span class='ocrx_word' id='word_1_348' title='bbox 533 1969 624 1994; x_wconf 84' lang='lat' dir='ltr'>cation</span> <span class='ocrx_word' id='word_1_349' title='bbox 642 1969 664 1994; x_wconf 87' lang='lat' dir='ltr'>is</span> <span class='ocrx_word' id='word_1_350' title='bbox 681 1969 709 1994; x_wconf 92' lang='lat' dir='ltr'>in</span> <span class='ocrx_word' id='word_1_351' title='bbox 727 1968 774 1994; x_wconf 78' lang='lat' dir='ltr'>the</span> <span class='ocrx_word' id='word_1_352' title='bbox 792 1969 887 1993; x_wconf 73' lang='lat' dir='ltr'>Patent</span> <span class='ocrx_word' id='word_1_353' title='bbox 904 1968 970 1999; x_wconf 80' lang='lat' dir='ltr'>Roll,</span> <span class='ocrx_word' id='word_1_354' title='bbox 990 1969 1005 1993; x_wconf 89' lang='lat'><strong>3</strong></span> <span class='ocrx_word' id='word_1_355' title='bbox 1023 1968 1075 1995; x_wconf 91' lang='lat' dir='ltr'>Ed.</span> <span class='ocrx_word' id='word_1_356' title='bbox 1095 1968 1141 1999; x_wconf 91' lang='lat' dir='ltr'>IV,</span> <span class='ocrx_word' id='word_1_357' title='bbox 1160 1968 1176 1999; x_wconf 87' lang='lat' dir='ltr'>i,</span> <span class='ocrx_word' id='word_1_358' title='bbox 1225 1968 1267 1999; x_wconf 78' lang='lat' dir='ltr'>cil,</span> <span class='ocrx_word' id='word_1_359' title='bbox 1282 1977 1329 2000; x_wconf 91' lang='lat' dir='ltr'>pp.</span> <span class='ocrx_word' id='word_1_360' title='bbox 1347 1969 1396 1994; x_wconf 80' lang='lat'>108</span> <span class='ocrx_word' id='word_1_361' title='bbox 1407 1967 1426 1993; x_wconf 89' lang='lat' dir='ltr'>f.</span> 
     </span>
     <span class='ocr_line' id='line_1_37' title="bbox 533 2005 1179 2038; baseline 0 -7"><span class='ocrx_word' id='word_1_362' title='bbox 533 2015 598 2032; x_wconf 87' lang='lat' dir='ltr'>mm.</span> <span class='ocrx_word' id='word_1_363' title='bbox 615 2007 674 2037; x_wconf 86' lang='lat'><em>2-1‚</em></span> <span class='ocrx_word' id='word_1_364' title='bbox 691 2005 762 2032; x_wconf 87' lang='lat' dir='ltr'>from</span> <span class='ocrx_word' id='word_1_365' title='bbox 777 2005 866 2031; x_wconf 86' lang='lat' dir='ltr'>which</span> <span class='ocrx_word' id='word_1_366' title='bbox 880 2005 996 2037; x_wconf 85' lang='lat' dir='ltr'>illegible</span> <span class='ocrx_word' id='word_1_367' title='bbox 1012 2005 1136 2038; x_wconf 81' lang='lat' dir='ltr'>portions</span> <span class='ocrx_word' id='word_1_368' title='bbox 1151 2005 1179 2031; x_wconf 80' lang='lat' dir='ltr'>of</span> 
     </span>
     <span class='ocr_line' id='line_1_38' title="bbox 533 2043 1000 2075; baseline -0.002 -6"><span class='ocrx_word' id='word_1_369' title='bbox 533 2043 580 2069; x_wconf 90' lang='lat' dir='ltr'>the</span> <span class='ocrx_word' id='word_1_370' title='bbox 593 2043 687 2069; x_wconf 85' lang='lat' dir='ltr'>record</span> <span class='ocrx_word' id='word_1_371' title='bbox 701 2043 771 2069; x_wconf 83' lang='lat' dir='ltr'>have</span> <span class='ocrx_word' id='word_1_372' title='bbox 785 2043 853 2069; x_wconf 85' lang='lat' dir='ltr'>been</span> <span class='ocrx_word' id='word_1_373' title='bbox 866 2043 1000 2075; x_wconf 87' lang='lat' dir='ltr'>supplied.</span> 
     </span>
    </p>
   </div>
  </div>
 </body>
</html>
