2112 2901
491 175 538 210 39

492 263 519 292 B

532 320 720 358 Edwardus,
750 320 811 351 Dei
839 320 945 358 gracia
973 320 1041 351 Rex
1068 320 1182 358 Anglie
1211 323 1244 351 et
1270 320 1404 352 Francie
1432 323 1465 351 et
1493 320 1652 352 Dominus
1680 321 1833 354 Hibernie

491 370 614 401 dilectis
636 374 668 400 et
690 370 836 400 fidelibus
857 369 922 400 suis
943 369 1069 401 Andree
1091 370 1130 400 de
1147 369 1348 408 Gildeford‚¹²
1363 370 1515 401 seruienti
1535 374 1646 402 nostro
1667 371 1709 402 ad
1731 381 1832 410 arma,

491 420 627 450 Iohanni
652 420 691 450 dc
712 419 922 457 Cobyndon¹³
945 419 1057 450 maiori
1079 419 1152 450 ville
1175 419 1327 458 Bristolf,
1351 423 1384 450 et
1405 420 1541 451 Iohanni
1561 420 1697 458 Spicer¹⁴
1720 420 1833 452 maiori

490 469 616 507 stapule
633 469 773 500 eiusdem
790 469 873 507 ville,
891 469 1038 500 salutem.
1077 469 1126 499 Ex
1142 469 1231 507 gravi
1248 469 1377 508 querela
1392 469 1525 501 Antonii
1541 469 1581 501 de
1597 470 1832 509 Compaignon,

491 519 611 549 domini
628 518 794 549 cuiusdam
810 519 902 549 nauis
917 522 1032 549 vocate
1047 519 1078 549 Ia
1093 518 1195 550 seinte
1210 519 1316 550 Marie
1331 519 1362 549 la
1378 519 1556 557 Coronade,
1574 519 1662 551 Petri
1677 520 1717 551 de
1732 520 1834 551 Kaer-

490 569 625 606 merdyn
640 568 679 599 de
694 569 805 606 Ianua,
822 568 975 599 Iohannis
989 568 1127 606 Blaunk,
1143 568 1230 599 Petri
1244 569 1404 607 Euaignes
1419 572 1451 600 et
1465 569 1552 600 Petri
1567 569 1606 600 de
1620 569 1780 608 Seynches
1794 570 1834 601 de

491 618 605 649 Castre
622 618 660 649 de
678 618 839 656 Ispannia,
857 622 1082 655 mercatorum,
1100 618 1281 656 accepimus
1297 619 1394 657 quod,
1413 629 1485 650 cum
1502 618 1561 657 ipsi
1578 619 1699 650 dictam
1715 630 1833 651 nauem

490 668 576 706 apud
593 668 623 698 la
638 668 762 706 Broage
777 667 867 698 iuxta
881 668 909 699 le
925 668 1045 699 Rochel
1061 668 1093 698 in
1109 668 1256 699 Pictauia
1271 668 1353 699 vinis
1365 669 1387 686 ¹⁵
1408 671 1440 699 et
1455 668 1520 700 sale
1536 672 1716 700 carcassent
1732 680 1833 708 usque

491 718 599 748 villan]
621 721 764 749 nostram
785 717 924 748 Bristolly
948 718 1138 756 ducendam,
1161 718 1201 748 ad
1222 718 1455 756 negociandum
1475 718 1549 749 inde
1571 722 1604 749 et
1627 719 1832 750 commodum

490 778 584 798 suum
610 767 802 805 faciendum,
826 767 950 806 ipsique
972 767 1109 799 velando
1132 778 1226 806 super
1250 778 1338 798 mare
1360 778 1433 799 cum
1457 768 1533 798 naui
1556 768 1700 806 predicta
1722 779 1833 800 versus

490 817 611 848 dictam
630 817 739 848 villam
757 817 897 848 Bristoll'
916 818 976 848 sub
994 817 1084 849 saluo
1102 817 1264 849 conductu
1282 821 1315 848 et
1332 818 1533 856 proteccione
1551 818 1668 849 nostris
1686 818 1718 848 in
1736 818 1833 850 comi-

490 867 559 898 tiua
576 866 741 898 cuiusdam
759 868 835 898 flote
851 867 983 897 nauium
1000 867 1082 898 vinis
1099 870 1299 898 carcatarum
1317 868 1403 905 apud
1419 867 1450 898 la
1466 867 1602 906 Sorlyng
1617 868 1650 898 in
1667 868 1833 899 Cornubia

490 917 620 955 pacifice
641 917 831 954 extitissent,
854 920 1109 955 superuenerunt
1129 916 1262 955 quidam
1283 917 1506 948 malefactores
1527 917 1567 948 de
1587 917 1666 948 flota
1687 918 1833 956 predicta

490 977 527 997 ex
542 970 633 1004 parte
648 966 874 1005 magistrorum
889 970 922 997 et
936 966 1181 997 marinariorum
1196 967 1329 997 nauium
1344 967 1420 998 flote
1435 967 1577 1005 predicte
1590 967 1678 998 missi
1693 967 1726 997 in
1741 967 1834 1006 quin-

489 1026 552 1054 que
569 1016 715 1054 nauibus,
733 1020 765 1047 et
782 1016 903 1047 dictam
919 1026 1036 1047 nauem
1053 1020 1203 1047 vocatam
1220 1016 1251 1047 la
1267 1016 1374 1047 Seinte
1391 1016 1505 1054 Marie,
1524 1026 1581 1055 pro
1598 1027 1635 1048 eo
1651 1017 1738 1055 quod
1754 1017 1833 1048 dicti

489 1069 681 1097 mercatores
699 1065 849 1104 predictis
866 1065 1026 1104 magistris
1042 1069 1075 1097 et
1091 1066 1270 1097 marinariis
1287 1066 1362 1097 flote
1378 1066 1461 1097 illius
1477 1066 1632 1098 ducentos
1649 1066 1777 1098 florinos
1793 1067 1833 1098 de

489 1116 615 1153 scuto,¹⁶
633 1126 713 1154 quos
731 1116 772 1146 ab
790 1115 909 1146 eisdem
926 1116 1158 1147 mercatoribus
1171 1116 1212 1146 ad
1230 1126 1310 1154 opus
1324 1116 1541 1154 predictorum
1554 1116 1780 1155 magistrorum
1798 1119 1831 1148 et

489 1165 734 1196 marinariorum
758 1165 900 1196 eiusdem
925 1166 1001 1197 flote
1025 1175 1083 1204 pro
1107 1166 1182 1196 naui
1207 1169 1239 1197 et
1263 1165 1469 1196 mercandisis
1493 1165 1644 1204 predictis
1667 1166 1830 1198 saluandis

489 1215 615 1253 iniuste,
631 1226 704 1246 cum
717 1215 777 1246 sub
791 1215 992 1254 proteccione
1005 1219 1116 1246 nostra
1129 1218 1161 1246 et
1175 1225 1238 1246 non
1252 1215 1285 1246 in
1299 1215 1405 1254 aliquo
1420 1215 1559 1254 periculo
1572 1215 1716 1253 fuissent,
1731 1216 1833 1255 exige-

489 1265 579 1303 bant,
597 1265 719 1296 soluere
735 1268 932 1303 recusarunt,
951 1265 984 1295 vi
1005 1268 1131 1296 armata
1152 1268 1322 1296 noctanter
1341 1265 1546 1296 intrauerunt
1562 1269 1595 1296 et
1615 1265 1691 1304 ipsis
1712 1275 1833 1297 merca-

489 1315 613 1346 toribus
633 1315 673 1345 ad
697 1318 816 1346 terram
838 1315 870 1345 in
893 1315 1019 1345 batellis
1042 1325 1099 1353 pro
1118 1315 1233 1346 timore
1251 1315 1364 1346 mortis
1386 1315 1582 1353 fugientibus
1604 1325 1722 1346 nauem
1744 1316 1832 1346 illam

489 1375 561 1395 cum
585 1364 676 1396 bonis
699 1368 732 1395 et
754 1364 960 1395 mercandisis
982 1364 1015 1395 in
1038 1375 1075 1395 ea
1097 1364 1307 1396 existentibus
1330 1369 1484 1403 ceperunt
1505 1368 1538 1396 et
1561 1364 1774 1404 abduxerunt,
1798 1365 1831 1396 in

489 1414 590 1445 nostri
617 1418 806 1452 contemptu
828 1418 860 1445 et
888 1414 1105 1453 predictorum
1132 1418 1347 1445 mercatorum
1374 1424 1505 1453 grauem
1526 1414 1771 1453 depressionem,
1794 1423 1831 1447 ac

490 1468 602 1495 contra
622 1464 818 1495 conductum
839 1468 872 1495 et
892 1464 1127 1502 proteccionem
1148 1468 1274 1495 nostros
1295 1464 1463 1503 predictos.
1506 1464 1608 1503 Super
1627 1475 1691 1503 quo
1712 1465 1833 1503 suppli-

489 1517 603 1545 carunt
629 1514 688 1545 sibi
715 1524 770 1552 per
796 1524 853 1545 nos
880 1514 1055 1545 remedium
1082 1514 1236 1545 adhiberi.
1284 1514 1354 1545 Nos
1380 1517 1417 1545 ut
1443 1514 1575 1552 prefatis
1600 1514 1832 1546 mercatoribus

488 1563 647 1594 extraneis
662 1574 756 1602 super
771 1564 1013 1602 recuperacione
1028 1564 1120 1594 nauis
1135 1567 1167 1595 et
1182 1564 1341 1595 bonorum
1355 1574 1486 1595 suorum
1502 1564 1719 1602 predictorum
1735 1564 1831 1596 cicius

488 1613 707 1651 subueniatur,
730 1617 763 1644 et
784 1617 821 1644 ut
841 1613 901 1652 ipsi
922 1614 963 1644 ad
984 1613 1178 1644 veniendum
1200 1613 1232 1644 in
1254 1613 1376 1645 dictum
1398 1624 1531 1652 regnum
1551 1617 1698 1645 nostrum
1718 1614 1832 1652 Anglie

488 1673 561 1694 cum
577 1663 784 1694 mercandisis
801 1663 865 1694 suis
882 1663 1005 1694 animos
1022 1663 1165 1694 habeant
1182 1663 1404 1702 promptiores,
1422 1667 1455 1694 et
1471 1674 1508 1695 eo
1524 1663 1662 1694 maxime
1679 1674 1743 1702 quo
1760 1674 1833 1703 pro-

488 1713 630 1744 teccione
644 1717 677 1744 et
691 1713 780 1744 saluo
796 1713 957 1744 conductu
972 1713 1089 1744 nostris
1103 1713 1168 1744 sint
1182 1713 1309 1751 muniti,
1322 1716 1354 1744 et
1369 1713 1469 1744 eciam
1483 1713 1515 1744 in
1530 1713 1761 1745 ordinacione¹⁷
1776 1723 1832 1752 per

772 184 893 209 CASES
920 184 1079 209 BEFORE
1107 184 1186 209 THE
1214 184 1352 210 KING’S
1379 184 1556 210 COUNCIL

524 1785 542 1800 ¹²
561 1783 687 1809 Gildford
701 1792 731 1809 or
746 1783 890 1815 Guldford,
905 1783 994 1815 king’s
1007 1792 1134 1815 yeoman,

488 1829 543 1846 was
561 1821 711 1853 appointed
730 1821 850 1852 serjeant
869 1824 899 1846 at
918 1829 991 1846 arms
1009 1821 1037 1846 in
1059 1822 1133 1852 1347,

487 1858 542 1883 and
560 1866 615 1884 was
632 1858 698 1884 then
714 1861 776 1884 sent
793 1861 822 1883 to
840 1858 948 1883 Ireland
966 1860 995 1884 to
1012 1866 1089 1883 serve
1105 1866 1135 1883 as

488 1895 535 1921 the
552 1895 640 1927 king's
657 1904 794 1927 purveyor
815 1895 882 1926 (Gal.
901 1896 940 1921 Cl.
959 1896 990 1920 21
1010 1895 1062 1921 Ed.
1080 1896 1133 1927 ΙΙΙ,

487 1934 549 1964 313,
572 1934 606 1958 24
619 1933 671 1958 Ed.
686 1933 738 1964 ΙΙΙ,
755 1934 826 1963 165).
858 1933 902 1958 Ηο
914 1941 969 1958 was
982 1941 1034 1958 one
1046 1933 1075 1958 of
1088 1932 1135 1958 the

487 1973 542 1996 two
574 1970 790 1996 commissioners
821 1970 971 2002 appointed
1004 1971 1037 1995 22
1069 1970 1132 1996 Jan.

489 2009 555 2033 1354
571 2010 600 2033 to
616 2010 702 2033 arrest
718 2007 765 2033 the
780 2010 889 2039 captors
904 2007 933 2033 of
949 2007 995 2033 the
1011 2007 1134 2033 Genoese

486 2045 555 2077 ship,
578 2045 632 2071 and
653 2045 731 2077 bring
752 2044 828 2071 them
848 2045 940 2071 before
960 2045 1008 2071 the
1028 2045 1132 2071 council

490 2082 558 2113 (Gali
575 2083 634 2108 Pac.
650 2083 723 2113 543).
757 2083 790 2108 In
808 2084 874 2108 1356
889 2082 923 2108 he
938 2091 993 2108 was
1008 2085 1069 2108 sent
1084 2085 1133 2108 out

487 2123 516 2146 to
538 2128 581 2146 see
604 2123 633 2146 to
656 2120 703 2146 the
725 2119 861 2146 munitior]
883 2120 912 2146 of
933 2119 1025 2146 Calais
1050 2120 1132 2151 (Ibid.

523 2196 540 2210 ¹³
559 2195 618 2221 One
630 2195 659 2220 of
672 2195 719 2221 the
732 2203 859 2221 common
872 2194 977 2220 council
991 2194 1019 2220 of
1032 2194 1133 2220 Bristol

486 2232 514 2257 in
531 2234 597 2258 1349
615 2233 656 2263 (F.
673 2233 704 2258 B.
722 2232 842 2265 Bickley,
858 2232 936 2258 Little
950 2232 1005 2258 Red
1019 2232 1092 2258 Book
1107 2233 1136 2264 os

486 2270 584 2295 Brislol
607 2270 701 2301 [1900]‚
724 2270 740 2302 i,
764 2270 802 2301 5).
843 2269 927 2302 Early
948 2269 976 2295 in
999 2269 1046 2296 the
1067 2278 1133 2302 year

489 2308 555 2333 1354
567 2307 600 2333 he
612 2316 727 2339 appears
739 2310 768 2333 at
780 2307 828 2333 the
839 2306 910 2333 head
922 2307 950 2333 of
961 2316 977 2333 a
989 2307 1093 2333 faction
1104 2307 1132 2332 in

486 2344 533 2370 the
553 2348 626 2370 town
647 2344 709 2371 that
729 2344 809 2370 made
828 2353 864 2370 an
883 2344 1005 2377 uprising
1023 2344 1132 2377 against

487 2381 606 2407 Richard
626 2382 650 2408 10
670 2382 763 2414 Spicer
782 2382 848 2408 then
868 2390 964 2414 mayor
983 2382 1038 2408 and
1059 2390 1131 2408 com-

486 2419 573 2451 pelled
601 2419 657 2445 him
685 2419 771 2445 under
797 2419 891 2446 duress
919 2422 948 2445 to
974 2419 1062 2451 resign
1089 2419 1132 2445 his

1187 1783 1272 1809 office.
1310 1783 1337 1809 It
1356 1791 1411 1809 was
1429 1783 1476 1809 the
1494 1783 1699 1816 revolutionary
1717 1792 1831 1815 govern-

1187 1823 1263 1846 ment
1294 1820 1358 1846 that
1388 1821 1511 1847 received
1543 1820 1590 1847 the
1620 1824 1729 1853 present
1760 1821 1829 1847 writ.

1186 1858 1259 1884 Soon
1282 1857 1358 1884 there
1381 1866 1436 1884 was
1458 1867 1474 1884 a
1497 1858 1613 1884 reversal
1636 1858 1691 1884 and
1713 1867 1730 1884 a
1752 1858 1829 1891 royal

1186 1895 1358 1921 commission
1386 1896 1414 1921 of
1442 1904 1507 1927 oyer
1534 1896 1589 1921 and
1616 1896 1746 1922 terminer
1773 1904 1828 1922 was

1185 1931 1275 1958 issued
1292 1936 1321 1958 to
1338 1933 1399 1958 deal
1415 1932 1481 1958 with
1499 1932 1546 1959 the
1562 1933 1665 1959 rioters.
1701 1933 1830 1966 Cobyng-

1186 1973 1234 1995 ton
1252 1978 1307 1996 was
1324 1970 1439 1996 accused
1456 1970 1494 2002 by
1511 1970 1553 1996 his
1570 1970 1687 1996 enemies
1704 1970 1733 1996 of
1750 1970 1831 2003 being

1188 2008 1230 2033 “a
1246 2007 1322 2033 seller
1337 2008 1366 2033 of
1381 2007 1498 2034 victuals
1523 2007 1665 2034 wholesale
1680 2008 1736 2034 and
1750 2008 1830 2034 retail

1185 2048 1313 2077 contrary
1326 2048 1355 2071 to
1369 2045 1416 2071 the
1429 2048 1534 2071 statute
1547 2045 1680 2071 thereof.’'
1713 2046 1747 2071 In
1763 2047 1830 2072 1355

1185 2082 1218 2108 he
1233 2091 1288 2108 was
1304 2082 1384 2114 again
1399 2082 1426 2108 in
1446 2083 1558 2115 honour,
1579 2082 1660 2115 being
1679 2082 1830 2115 appointed

1185 2120 1222 2152 by
1242 2120 1288 2145 the
1306 2120 1371 2152 king
1390 2128 1441 2146 one
1459 2120 1488 2145 of
1507 2120 1554 2146 the
1573 2129 1717 2153 surveyors
1735 2120 1764 2146 of
1782 2120 1830 2146 the

1184 2160 1247 2189 port
1260 2157 1288 2183 of
1302 2157 1411 2184 Bristol.
1443 2157 1500 2183 Cal.
1516 2158 1574 2183 Pat.
1589 2158 1669 2190 Roas,
1684 2159 1725 2190 60,
1741 2159 1801 2184 262.

1220 2196 1239 2211 ¹⁴
1256 2194 1321 2221 Also
1339 2194 1424 2221 called
1442 2195 1515 2221 John
1532 2195 1668 2227 Goterest,
1687 2204 1784 2227 mayor
1800 2195 1829 2221 in

1186 2233 1252 2258 1349
1271 2232 1327 2258 and
1346 2232 1426 2264 again
1445 2232 1473 2258 in
1494 2234 1558 2258 1351
1582 2232 1713 2265 (Bickley,
1733 2232 1750 2264 i,
1771 2233 1827 2264 20),

1183 2269 1238 2295 and
1253 2270 1379 2296 collector
1393 2269 1421 2296 of
1436 2270 1482 2296 the
1497 2269 1576 2295 tenth
1590 2270 1645 2296 and
1659 2269 1786 2296 fifteenth
1799 2269 1828 2295 in

1184 2306 1283 2333 Bristol
1302 2307 1357 2333 and
1376 2306 1606 2333 Gloucestershire
1623 2307 1651 2332 in
1671 2308 1738 2333 1350
1758 2307 1826 2338 (Cal.

1184 2344 1224 2370 Ol.
1249 2345 1329 2376 Roas,
1357 2345 1428 2376 184).
1472 2345 1516 2370 He
1540 2353 1595 2370 was
1620 2344 1827 2377 conspicuously

1182 2381 1312 2408 involved
1322 2382 1350 2407 in
1361 2382 1408 2408 the
1420 2381 1579 2414 conspiracy
1589 2381 1696 2414 against
1706 2381 1827 2408 Richard

1182 2419 1207 2445 10
1227 2419 1320 2452 spicer
1339 2419 1396 2452 just
1417 2419 1483 2451 told,
1505 2419 1560 2445 and
1581 2427 1636 2445 was
1655 2418 1776 2445 indicted
1796 2422 1827 2445 at
