2112 2901
367 1624 446 1655 1365

462 157 510 193 48
743 166 864 191 CASES
891 165 1050 191 BEFORE
1078 165 1158 190 THE
1186 164 1324 190 KING’S
1351 163 1527 190 COUNCIL

463 255 545 283 pour
560 244 644 275 tenir
659 244 703 275 les
720 247 898 275 couenantz
915 243 1038 274 susditz
1054 246 1155 273 auant
1171 242 1215 281 qil
1232 241 1356 280 purroit
1372 241 1474 280 partir
1489 241 1564 272 hors
1579 241 1619 272 de
1635 241 1705 272 lour
1721 251 1807 272 com-

463 294 588 333 paigne.
627 294 680 331 Et,
698 304 756 332 par
772 304 866 324 cause
881 304 921 331 qe
937 293 965 324 16
980 293 1029 323 dit
1045 292 1188 323 Thomas
1203 292 1268 322 suit
1284 291 1397 322 deuers
1412 294 1521 322 nostre
1537 290 1685 329 seignour
1700 290 1728 322 16
1744 290 1807 321 Roi

464 344 564 375 dauer
575 354 748 381 recouerer,
762 343 790 374 le
802 343 850 373 dit
862 343 923 374 sire
935 342 1075 373 William
1087 346 1120 373 et
1132 345 1241 372 autres
1252 341 1292 372 de
1303 351 1339 371 sa
1351 340 1550 379 compaignie
1562 340 1606 371 lui
1618 343 1808 371 manassont

464 393 503 424 (16
516 394 566 424 vie
579 397 611 424 et
624 393 663 424 (16
676 393 819 423 membre
831 392 924 423 issint
936 392 980 430 qil
993 402 1032 423 ne
1045 402 1098 423 ose
1110 402 1149 422 en
1163 391 1217 421 nul
1231 394 1304 429 part
1317 390 1382 421 aler
1394 401 1433 421 ne
1446 394 1529 421 estre
1542 401 1639 421 vewe.
1674 390 1766 420 Dont
1779 389 1807 421 le

464 443 513 473 dit
526 443 669 473 Thomas
683 442 750 481 prie
763 453 782 473 a
795 446 904 473 nostre
917 442 1065 480 seignour
1078 441 1106 472 16
1121 441 1182 472 Roi
1195 451 1234 479 qe
1248 440 1387 471 remedie
1400 440 1444 470 lui
1458 440 1520 470 soit
1534 439 1594 470 fait
1607 450 1646 470 en
1660 449 1754 470 oeure
1768 439 1808 470 de

465 493 597 523 charite.
637 493 680 523 Et
697 495 789 523 outre
807 502 861 523 ceo
878 492 906 523 16
924 492 972 522 dit
989 491 1049 522 sire
1066 491 1207 522 William
1223 493 1257 521 et
1273 500 1309 521 sa
1325 489 1526 528 compaignie
1543 489 1697 528 pristrent
1714 489 1742 519 16
1759 488 1808 519 dit

465 542 608 573 Thomas
628 553 667 573 en
685 541 858 572 Walbroke
872 543 893 560 ¹¹
913 541 953 572 de
971 541 1114 572 Londres
1131 544 1163 571 et
1184 540 1227 571 lui
1245 540 1499 578 emprisonerent
1517 549 1574 577 par
1592 549 1686 570 cause
1704 538 1748 577 qil
1768 548 1809 569 ne

465 592 541 622 (lust
554 602 626 623 suer
637 602 656 622 a
668 595 777 622 nostre
789 591 938 629 seignour
950 591 977 622 le
991 591 1052 622 Roi
1064 601 1118 622 ore
1130 590 1169 621 de
1182 594 1288 628 temps
1300 589 1339 620 de
1352 589 1532 628 parlement
1544 588 1658 619 clauoir
1670 587 1809 619 remedie

465 641 505 673 de
520 641 564 672 les
580 642 725 672 duresses
740 641 904 672 auanditz.

520 733 702 771 [Endorsed:
715 733 766 771 -]
797 733 910 763 Partes
925 735 1001 762 sunt
1016 731 1209 762 concordate
1224 733 1257 762 et
1271 731 1289 762 J
1292 730 1435 761 ohannes
1450 729 1489 760 de
1504 729 1647 760 Arderne
1661 730 1682 747 ¹²
1696 739 1810 759 manu-

465 783 551 821 cepit
568 793 675 814 6013111
692 782 823 813 consilio
840 782 962 813 domini
979 781 1075 820 Regis
1092 781 1123 811 in
1140 791 1267 812 camera
1280 780 1410 811 stellata
1424 779 1456 810 in
1470 779 1594 817 palacio
1608 778 1743 810 Westm'
1759 778 1810 809 die

465 833 586 863 Martis
605 833 636 863 in
657 832 809 863 Crastino
828 832 932 862 sancti
956 831 1043 862 Petri
1068 831 1099 861 in
1124 830 1288 867 cathedra,
1309 829 1459 860 videlieet
1478 829 1551 868 xxiij
1574 829 1624 859 (116
1644 827 1810 859 Februarii

465 893 550 913 311110
563 883 650 921 regni
664 882 786 913 domini
800 882 902 912 nostri
919 881 1016 919 Regis
1029 881 1142 919 Anglie
1158 883 1267 910 xxxv¹⁰
1281 890 1338 918 pro
1352 879 1511 910 Willehno
1526 879 1565 909 de
1579 878 1809 916 Conyngesby‚

464 933 577 970 milite,
590 932 674 963 infra
685 932 815 970 scripto,
824 931 910 970 quod
923 931 990 969 ipse
1003 931 1083 961 bene
1095 934 1128 961 et
1140 930 1277 960 fideliter
1289 929 1328 960 de
1340 932 1446 960 cetero
1458 938 1490 959 se
1502 931 1590 966 geret
1602 938 1677 966 erga
1689 928 1811 966 Regem

464 986 498 1013 et
513 982 669 1020 populum
684 992 788 1019 suum,
804 985 837 1012 et
852 981 939 1020 quod
954 980 1134 1018 dampnum
1149 979 1200 1010 vel
1214 978 1406 1010 violenciam
1421 978 1564 1016 aliquam
1579 977 1703 1008 Thome
1720 977 1726 991 ‘
1742 987 1812 1015 per-

465 1043 523 1063 son
538 1033 544 1045 ’
561 1032 601 1063 de
616 1032 743 1070 Langar
758 1030 842 1062 infra
856 1030 977 1068 scripto
992 1034 1050 1060 aut
1065 1029 1160 1060 alicui
1175 1028 1268 1060 alteri
1283 1028 1322 1059 de
1338 1027 1458 1066 populo
1473 1027 1619 1066 predicto
1634 1037 1699 1058 non
1714 1026 1811 1058 faciet

465 1092 523 1113 nec
536 1081 604 1112 fieri
616 1081 814 1120 procurabit,
828 1091 884 1119 per
896 1080 983 1119 quod
997 1080 1082 1110 idem
1095 1078 1273 1110 Willelmus
1286 1082 1335 1109 est
1348 1078 1551 1109 dearestatus
1563 1080 1596 1108 et
1609 1077 1759 1107 dimissus
1772 1076 1812 1107 de

465 1131 573 1170 gracia
587 1131 684 1169 Regis
697 1134 730 1162 et
744 1130 816 1161 finis
830 1140 926 1169 quem
941 1130 1026 1160 idem
1040 1129 1219 1160 Willelmus
1235 1139 1292 1167 pro
1306 1127 1598 1166 trangressionibus
1614 1126 1698 1157 infra
1714 1126 1812 1164 scrip-

466 1182 508 1213 tis
525 1181 605 1219 Regi
621 1181 726 1212 facere
742 1184 871 1212 tenetur
892 1180 1024 1218 ponitur
1044 1179 1077 1210 in
1093 1182 1275 1217 respectum
1292 1178 1333 1208 ad
1354 1177 1559 1208 voluntatem
1576 1176 1699 1207 domini
1715 1176 1812 1214 Regis

466 1231 644 1262 secundum
663 1231 784 1262 bonum
800 1233 927 1268 gestum
944 1229 1043 1268 ipsius
1058 1228 1219 1265 willelmi,
1236 1232 1269 1259 et
1285 1227 1430 1266 prefatus
1445 1227 1610 1258 Johannes
1624 1225 1811 1264 manucepit

467 1291 575 1312 coram
590 1280 721 1312 consilio
736 1280 833 1318 Regis
846 1279 934 1318 quod
949 1279 1113 1318 predictus
1126 1278 1305 1309 Willelmus
1319 1277 1469 1308 restituet
1483 1277 1545 1307 sibi
1558 1276 1628 1307 illas
1648 1287 1667 1306 x
1686 1276 1717 1306 li.
1730 1286 1812 1314 quas

467 1331 573 1362 dictus
588 1334 693 1361 rector
706 1330 734 1361 ei
749 1330 900 1367 soluerat,
913 1339 1012 1360 unam
1027 1328 1177 1359 videlicet
1192 1327 1402 1358 medietatem
1416 1327 1457 1357 ad
1473 1326 1593 1357 festum
1606 1326 1813 1357 Pentecostes

467 1384 499 1412 et
516 1381 613 1411 aliam
631 1380 842 1411 medietatem
858 1379 899 1410 ad
920 1379 1040 1410 festum
1057 1378 1161 1409 saneti
1178 1377 1359 1414 Michaelis,
1377 1380 1409 1408 et
1425 1376 1513 1415 quod
1534 1376 1685 1407 restituet
1707 1375 1811 1406 eidem

467 1430 599 1461 Reotori
615 1430 740 1461 litteras
755 1439 830 1460 suas
846 1428 1054 1467 obligatorias
1070 1428 1109 1459 de
1125 1428 1243 1466 quibus
1260 1427 1292 1457 in
1308 1427 1385 1457 billa
1401 1426 1438 1457 fit
1454 1426 1589 1457 mencio.

924 1540 1092 1569 MOLYNs
1113 1549 1134 1568 v.
1158 1539 1334 1568 FIENNES
1347 1540 1355 1556 ¹

527 1620 652 1652 Placita
664 1620 696 1650 in
710 1619 924 1658 parliamento
938 1619 1024 1658 apud
1038 1617 1364 1650 Westmonasterium
1377 1617 1409 1647 in
1423 1616 1557 1648 Octabis
1570 1615 1674 1647 sancti
1687 1615 1814 1647 Hillarii

470 1681 555 1703 anno
570 1670 658 1709 regni
675 1669 771 1708 Regis
786 1669 938 1701 Edwardi
953 1668 1043 1700 tercii
1059 1668 1219 1699 tricesimo
1234 1668 1343 1698 nono.²

525 1720 641 1759 Egidia
659 1730 722 1758 que
740 1719 804 1750 fuit
822 1730 901 1750 uxor
919 1718 1077 1750 Johannis
1099 1718 1139 1749 de
1162 1718 1296 1756 Molyns
1308 1718 1319 1736 ³
1341 1716 1483 1755 porrexit
1505 1715 1698 1754 peticionem
1721 1725 1814 1746 suam

470 1770 601 1801 domino
618 1769 698 1808 Regi
713 1769 746 1800 in
762 1769 980 1800 Parliarnento
996 1779 1054 1800 suo
1070 1768 1157 1806 apud
1172 1766 1497 1798 Westmonasterium
1513 1765 1545 1796 in
1562 1765 1696 1796 Octa'ois
1710 1763 1815 1796 sancti

471 1820 598 1851 Hillarii
620 1830 706 1851 anno
728 1818 816 1858 regni
838 1818 938 1857 ipsius
961 1817 1083 1849 domini
1110 1817 1207 1856 Regis
1234 1816 1395 1848 tricesimo
1422 1819 1540 1847 octauo
1553 1816 1564 1833 ⁴
1586 1818 1678 1846 tento
1701 1814 1733 1844 in
1756 1814 1814 1845 hec

470 1870 580 1901 verba.
615 1870 643 1899 A
657 1872 765 1900 nostre
778 1868 906 1907 seignur
918 1868 946 1898 le
960 1867 1022 1899 Roi
1035 1878 1051 1898 e
1064 1878 1121 1898 son
1136 1866 1253 1898 conseil
1266 1869 1410 1897 monstre
1423 1865 1495 1896 Gile
1507 1865 1540 1903 qi
1553 1865 1640 1896 feust
1652 1864 1683 1895 la
1696 1864 1814 1895 femme

471 1920 578 1951 Johan
592 1919 631 1950 de
645 1918 779 1957 Molyns
792 1917 945 1949 Chiualer
958 1928 997 1956 qe
1011 1928 1101 1948 come
1115 1917 1239 1948 Robert
1253 1916 1292 1947 de
1306 1916 1442 1946 Fiennes
1457 1915 1497 1946 de
1512 1915 1538 1945 F
1540 1924 1635 1946 ranee
1650 1914 1660 1932 ⁵
1674 1912 1814 1945 recoueri

509 2008 525 2023 ¹¹
546 2007 569 2032 A
584 2006 659 2031 ward
673 2005 728 2031 and
743 2005 800 2031 also
815 2014 831 2031 a
845 2008 931 2030 street
945 2014 981 2030 on
996 2004 1043 2030 the
1058 2007 1117 2030 east

472 2044 530 2070 side
544 2044 572 2070 01
587 2043 633 2069 the
648 2042 797 2069 Walbrook
812 2051 828 2068 a
842 2042 920 2068 small
936 2042 1074 2074 tributary
1089 2041 1118 2068 of

472 2081 520 2108 the
537 2081 657 2107 Thames
674 2080 793 2112 running
810 2079 930 2112 through
947 2080 994 2105 the
1012 2079 1072 2105 wall
1090 2079 1118 2105 01

472 2119 520 2146 the
537 2119 594 2151 city
611 2118 735 2144 between
753 2117 934 2150 Bishopsgate
951 2117 1007 2143 and
1025 2117 1119 2143 Moor-

473 2159 544 2189 gate.
582 2155 829 2187 Kingsford-Stow,
844 2155 860 2187 i,
878 2156 935 2180 120.

509 2195 527 2210 ¹²
546 2193 660 2225 Ardern,
684 2192 841 2225 frequently
863 2192 1008 2224 employed
1031 2200 1061 2218 as
1083 2200 1118 2217 an

473 2234 610 2264 attomey,
626 2230 751 2263 receiver,
767 2230 822 2256 and
834 2229 1046 2255 commissioner.
1076 2230 1120 2255 He

474 2277 529 2294 was
551 2267 755 2293 commissioner
776 2267 804 2293 of
826 2267 873 2293 the
895 2276 977 2299 peace
999 2267 1026 2292 in
1050 2267 1120 2292 Bed-

473 2305 608 2331 sordshire
621 2305 648 2330 in
665 2307 731 2331 1355
745 2305 800 2330 and
813 2305 841 2330 in
856 2304 1120 2336 Buckinghamshire

476 2344 604 2375 1361-69,
621 2342 719 2374 knight
734 2342 762 2368 of
777 2342 825 2368 the
839 2342 911 2368 shire
926 2342 968 2367 for
983 2341 1121 2373 Bucking-

474 2380 612 2406 hamshire
634 2380 661 2405 in
687 2381 761 2411 1362,
788 2381 863 2411 1366,
887 2379 942 2405 and
966 2380 1041 2411 1368,
1065 2379 1120 2405 and

1168 2003 1261 2029 sheriff
1279 2003 1307 2029 of
1326 2002 1520 2029 Bedfordshire
1537 2002 1592 2028 and
1612 2001 1815 2033 Buckingham-

1168 2041 1240 2067 shire
1253 2041 1280 2066 in
1296 2042 1372 2066 1374.

1215 2081 1222 2095 ¹
1242 2079 1456 2109 Parliomentary
1478 2077 1532 2102 and
1557 2076 1668 2102 Councz‘l
1693 2076 1815 2102 Procced-

1169 2118 1228 2148 inys
1245 2115 1422 2147 (Chaucery),
1437 2114 1480 2140 file
1493 2116 1518 2145 8,
1532 2123 1577 2140 no.
1591 2114 1616 2140 7.

1214 2155 1223 2170 ²
1242 2155 1276 2179 20
1300 2153 1433 2184 Januaryy
1461 2153 1536 2183 1366,
1560 2151 1612 2177 but
1638 2150 1764 2182 “noum”
1786 2158 1816 2176 as

1171 2191 1223 2216 will
1243 2190 1382 2223 presently
1402 2190 1435 2215 be
1457 2198 1528 2220 seen,
1550 2188 1572 2214 is
1594 2197 1630 2214 an
1653 2188 1815 2219 inaccuracy

1170 2228 1213 2254 for
1246 2227 1402 2254 “octavo’'
1440 2226 1608 2252 Parliament
1636 2229 1693 2251 met
1718 2234 1754 2251 on
1782 2226 1816 2251 20

1171 2266 1303 2298 January,
1331 2266 1409 2296 1365;
1429 2264 1480 2290 but
1503 2264 1551 2290 the
1573 2264 1607 2289 39
1630 2263 1683 2289 Ed.
1706 2263 1751 2288 111
1770 2262 1816 2288 be-

1172 2312 1224 2335 gan
1246 2312 1281 2329 on
1305 2304 1339 2328 25
1364 2302 1488 2333 January
1510 2301 1538 2327 01
1566 2301 1613 2326 the
1640 2308 1716 2326 same
1740 2308 1814 2332 year,

1172 2341 1243 2366 after
1263 2339 1351 2365 which
1370 2339 1436 2365 date
1456 2338 1511 2365 this
1531 2338 1626 2364 record
1643 2346 1699 2363 was
1716 2337 1816 2364 doubt-

1172 2378 1223 2404 less
1242 2377 1364 2404 entered.
1401 2377 1460 2403 The
1480 2376 1598 2409 petition
1617 2384 1672 2401 was
1693 2383 1816 2407 praeum-
