2112 2901
534 206 604 241 128
1079 213 1287 239 APPENDIX
1314 214 1328 238 1

531 295 614 331 regiis
625 295 679 323 sibi
690 295 766 323 datis
777 295 832 323 sub
842 304 947 329 magno
959 297 989 322 et
1000 293 1115 330 privato
1127 293 1224 328 sigillis
1235 293 1363 321 eiusdem
1375 293 1462 328 Regis
1473 293 1550 322 vnde
1561 293 1645 321 multi
1657 293 1754 322 forsan
1766 293 1876 321 coniec-

532 344 629 370 turam
646 344 782 376 caperent
799 340 877 375 quod
899 339 1018 368 licencia
1034 339 1082 368 illa
1100 338 1291 375 prosequendi
1308 348 1366 367 non
1384 339 1514 367 clanculo
1531 342 1575 367 set
1592 338 1689 374 potius
1711 339 1808 374 palam
1826 347 1876 373 per

531 387 669 415 iudicium
689 386 926 415 Consiliariorum
945 385 1032 420 Regis
1050 385 1121 413 data
1139 385 1207 420 fuit;
1236 384 1273 413 ad
1292 384 1371 420 quod
1389 384 1432 413 ita
1449 384 1641 420 respondetur
1659 394 1717 413 non
1735 384 1877 420 reperitur

531 432 560 460 in
583 432 680 467 aliquo
702 432 795 460 officio
818 431 903 460 huius
925 431 1004 466 regni
1027 431 1072 459 cui
1094 440 1232 466 magnum
1255 433 1307 458 aut
1330 430 1479 466 priuatum
1500 430 1625 465 sigillum
1647 430 1767 458 Domini
1789 429 1876 465 Regis

531 478 658 506 deseruit
678 478 824 513 exemplar
843 477 961 512 aliquod
981 476 1147 505 huiusmodi
1167 476 1283 504 licencie
1303 476 1411 504 directe
1431 479 1460 504 et
1480 476 1611 511 specifice
1634 485 1722 511 quam
1746 476 1876 511 prefatus

531 523 674 552 Ricardus
690 523 836 559 pretendit
851 523 905 551 sibi
920 523 1007 550 fuisse
1023 532 1188 551 concessam
1204 525 1305 550 contra
1320 522 1501 550 Mercatores
1515 521 1635 557 Stapule
1650 521 1687 550 ad
1703 531 1877 557 prosequen-

531 569 601 598 dum
612 579 660 597 eos
670 569 699 597 in
710 569 799 597 Curia
809 568 963 597 Parisiensi
972 571 1025 597 aut
1035 568 1103 596 alibi
1114 571 1195 596 extra
1204 577 1325 603 regnum
1335 567 1437 602 Anglie
1447 567 1471 595 si
1481 567 1551 602 quid
1561 570 1661 607 autem
1671 567 1701 595 in
1710 566 1876 595 huiusmodi

531 615 680 644 licenciam
695 615 860 650 specificam
875 624 981 643 sonans
995 614 1050 642 sub
1064 614 1168 642 litteris
1183 616 1235 642 aut
1250 613 1400 649 signatura
1415 613 1535 641 Domini
1550 613 1636 648 Regis
1651 613 1764 641 ostendi
1780 615 1877 648 potest

532 661 658 689 creditur
669 661 809 696 scriptum
820 660 986 688 huiusmodi
997 659 1051 688 sub
1062 660 1169 688 annulo
1180 659 1256 694 regio
1268 669 1354 694 quem
1365 659 1510 694 signetum
1521 659 1550 687 in
1561 659 1615 687 hiis
1626 658 1758 694 partibus
1769 661 1876 687 vocant

532 706 738 735 tantummodo
756 715 913 735 emanasse.
951 705 1127 734 Secretarius
1149 708 1247 733 autem
1270 705 1364 740 regius
1386 705 1435 740 qui
1458 708 1582 740 protunc
1605 708 1667 733 erat
1689 707 1718 732 et
1736 704 1773 732 ad
1796 703 1877 732 cuius

532 752 658 781 officium
673 752 813 788 pertinuit
827 751 959 780 custodia
973 751 1063 787 ipsius
1076 751 1155 780 anuli
1169 754 1256 786 prout
1270 751 1400 786 prefatus
1415 750 1557 779 Ricardus
1571 750 1642 779 satis
1656 750 1738 779 nouit
1752 759 1827 778 unus
1841 750 1876 778 de

532 798 675 834 precipuis
688 798 902 833 promotoribus
915 797 1087 826 intencionis
1100 806 1150 825 sue
1163 796 1241 832 apud
1256 796 1415 824 Dominum
1429 796 1539 831 Regem
1552 796 1617 831 fuit,
1631 799 1785 832 propterea
1798 795 1876 831 quod

531 843 590 872 iam
600 847 644 872 est
653 853 747 872 annus
757 847 786 872 et
795 844 873 872 vltra
882 843 1032 871 dimidiam
1043 843 1139 871 dolore
1150 842 1238 871 animi
1249 846 1352 878 captus
1363 842 1534 870 intrinsecus
1545 845 1669 870 mortem
1681 842 1762 877 obiit,
1774 851 1876 870 verum

532 892 585 925 est,
601 889 679 924 quod
697 889 819 918 maiores
837 889 904 924 regij
925 888 1044 924 Consilij
1062 898 1119 917 non
1137 888 1233 923 latuit,
1250 888 1384 916 habuisse
1398 890 1488 923 atque
1501 887 1662 916 exhibuisse
1679 887 1709 915 in
1728 887 1876 922 publicum

532 935 656 964 eundem
674 935 832 963 Ricardum
849 944 916 970 sepe
936 938 1004 962 ante
1021 934 1178 962 discessum
1195 943 1280 961 suum
1298 933 1434 961 vltimum
1452 942 1466 961 e
1484 943 1570 968 regno
1588 933 1690 968 Anglie
1708 942 1765 961 non
1783 933 1877 960 nullas

532 981 644 1009 litteras
658 981 745 1009 variis
759 981 922 1016 principum
936 983 966 1008 et
980 980 1119 1008 nobilium
1133 979 1232 1014 sigillis
1245 988 1398 1014 regnorum
1413 978 1539 1007 Castelle
1553 978 1686 1013 Legionis
1698 978 1877 1013 Arrogonnie

533 1027 653 1055 Francie
669 1027 855 1062 partiumque
870 1025 1068 1054 adiacencium
1084 1025 1213 1053 munitas
1228 1025 1263 1053 de
1279 1028 1308 1053 et
1323 1034 1410 1060 super
1425 1025 1524 1052 multis
1539 1028 1629 1060 atque
1644 1024 1777 1052 maximis
1792 1034 1878 1059 pecu·

532 1072 646 1101 niarum
657 1072 777 1100 summis
787 1072 816 1100 in
826 1072 932 1107 quibus
942 1071 1013 1099 dicti
1024 1071 1170 1106 Principes
1180 1074 1209 1099 et
1220 1070 1329 1099 nobiles
1340 1070 1449 1098 externi
1459 1079 1489 1098 se
1499 1073 1529 1098 et
1538 1070 1656 1099 heredes
1666 1079 1733 1098 suos
1743 1070 1878 1105 bonaque

533 1121 563 1146 et
576 1118 752 1146 hereditates
766 1127 834 1146 suas
847 1117 1013 1153 obligarunt
1028 1117 1113 1145 certis
1127 1116 1272 1146 nobilibus
1287 1116 1415 1152 personis
1428 1116 1508 1152 regni
1521 1116 1623 1151 Anglie
1637 1116 1754 1151 suisque
1768 1115 1878 1144 heredi-

533 1163 588 1192 bus
607 1167 637 1192 et
657 1164 810 1199 assignatis
830 1173 882 1199 pro
902 1163 1153 1198 redempcionibus
1173 1165 1203 1191 et
1223 1162 1353 1190 financiis
1373 1162 1432 1190 suis
1452 1161 1570 1197 quando
1590 1161 1661 1190 dicti
1681 1161 1828 1197 Principes
1847 1164 1878 1190 et

533 1209 642 1238 nobiles
652 1210 762 1238 externi
772 1209 802 1237 in
813 1209 959 1238 nonnullis
973 1209 1053 1237 bellis
1067 1208 1207 1244 Hispanie
1218 1211 1307 1243 atque
1319 1208 1438 1236 Francie
1450 1217 1500 1243 per
1514 1207 1642 1236 diuersos
1653 1207 1788 1243 Anglicos
1799 1207 1877 1242 capti

533 1256 657 1284 fuerant.
692 1255 840 1291 Suggessit
853 1265 921 1283 vero
937 1254 1083 1291 predictus
1098 1254 1240 1282 Ricardus
1255 1254 1382 1282 Domino
1403 1253 1475 1289 Regi
1489 1256 1519 1282 et
1533 1253 1679 1282 nonnullis
1699 1253 1734 1282 de
1749 1253 1877 1282 Consilio

532 1311 585 1330 suo
598 1301 676 1337 quod
689 1301 749 1337 ipse
761 1301 930 1330 obtinuerat
943 1301 1070 1336 prefatas
1083 1300 1196 1328 litteras
1208 1303 1237 1328 et
1250 1300 1312 1328 iura
1325 1309 1424 1328 eorum
1437 1299 1487 1334 qui
1500 1309 1533 1328 ex
1545 1299 1586 1328 eis
1598 1299 1727 1328 fructum
1740 1299 1877 1334 consequi

533 1347 672 1376 deberent
684 1347 737 1375 sibi
748 1347 818 1376 cedi.
854 1346 997 1382 Quodque
1009 1346 1038 1374 in
1051 1348 1148 1374 mente
1160 1346 1264 1374 habuit
1276 1355 1342 1374 cum
1352 1345 1429 1374 bona
1441 1345 1537 1380 gracia
1547 1345 1667 1374 Domini
1681 1345 1767 1381 Regis
1780 1348 1878 1380 partes

533 1396 666 1422 externas
680 1393 730 1421 vbi
744 1393 863 1421 heredes
877 1392 1021 1421 dictorum
1035 1392 1230 1427 obligatorum
1245 1394 1462 1420 commorantur
1476 1391 1555 1419 adire
1569 1391 1677 1419 ibidem
1697 1400 1748 1426 pro
1763 1391 1878 1419 iusticia

532 1449 619 1474 super
632 1438 860 1474 obligacionibus
872 1437 1039 1466 huiusmodi
1053 1437 1256 1472 consequenda
1270 1437 1503 1472 prosecucionem
1517 1437 1611 1465 facere
1624 1446 1729 1472 rogans
1743 1436 1877 1465 maiesta-

533 1488 593 1514 tem
608 1485 717 1520 regiam
732 1487 766 1512 vt
781 1484 893 1512 litteras
908 1493 976 1512 suas
990 1483 1026 1512 de.
1041 1483 1160 1511 licencia
1175 1483 1204 1511 id
1220 1482 1343 1511 faciendi
1360 1482 1673 1518 commendaticiasque
1688 1482 1732 1511 sui
1748 1485 1777 1511 et
1793 1492 1878 1518 nego-

533 1530 642 1559 ciorum
658 1539 715 1565 que
731 1529 932 1566 prosequenda
947 1529 976 1557 in
992 1528 1082 1557 Curia
1098 1532 1300 1557 extraneorum
1316 1528 1484 1564 Principum
1499 1531 1666 1563 susceperat
1681 1528 1736 1556 sibi
1751 1528 1878 1564 graciose

534 1576 689 1605 concedere
709 1575 878 1611 dignaretur
897 1575 989 1603 forme
1009 1578 1108 1603 autem
1129 1575 1293 1603 litterarum
1313 1584 1347 1602 ex
1368 1574 1461 1602 causis
1482 1574 1626 1610 premissis
1646 1574 1688 1602 ita
1708 1574 1878 1609 generaliter

532 1625 736 1651 emanatarum
749 1621 835 1650 multi
849 1631 883 1650 ex
896 1620 1075 1649 Consiliariis
1089 1620 1208 1649 Domini
1223 1620 1309 1656 Regis
1324 1620 1428 1655 conscij
1444 1620 1561 1648 fuerant
1574 1629 1633 1648 non
1647 1623 1746 1648 tamen
1760 1629 1810 1655 per
1823 1620 1878 1648 hoc

532 1667 726 1703 intelligentes
745 1667 855 1695 dictam
875 1676 993 1696 eausam
1013 1666 1152 1695 aduersus
1171 1666 1347 1695 Societatem
1367 1665 1487 1701 Stapule
1506 1665 1654 1694 antedicte
1673 1665 1806 1694 debuisse
1825 1668 1878 1694 aut

533 1714 661 1749 potuisse
680 1712 899 1748 quomodolibet
917 1712 972 1741 sub
994 1712 1049 1740 illis
1073 1712 1177 1740 litteris
1195 1712 1376 1747 generalibus
1395 1711 1608 1747 comprehendi,
1627 1711 1703 1740 sicut
1726 1711 1878 1740 deficiente

533 1769 676 1788 concensu
703 1759 815 1795 prefate
842 1758 995 1787 Societatis
1022 1767 1075 1786 nec
1102 1758 1181 1786 facta
1208 1757 1413 1793 prorogacione
1439 1757 1647 1786 iurisdjccionis
1674 1760 1877 1786 extraneorum

532 1805 700 1840 Principum
712 1804 927 1833 antedictorum
941 1804 977 1832 de
988 1803 1049 1832 iure
1061 1803 1266 1839 comprehendi
1280 1813 1338 1832 non
1353 1803 1450 1838 potuit
1455 1812 1461 1837 ;
1474 1806 1527 1831 aut
1540 1812 1606 1838 ergo
1619 1803 1715 1831 littere
1729 1803 1790 1838 ipse
1804 1811 1878 1838 quas

533 1850 628 1879 dictus
641 1850 783 1879 Ricardus
796 1850 850 1879 sub
863 1859 968 1885 magno
981 1852 1011 1878 et
1024 1849 1139 1885 priuato
1152 1849 1250 1884 sigillis
1263 1849 1382 1877 Domini
1396 1849 1482 1884 Regis
1495 1848 1587 1876 iactat
1599 1857 1629 1876 se
1642 1848 1748 1877 habere
1761 1851 1830 1876 sunt
1843 1851 1877 1877 vt

533 1896 713 1932 premittitur
727 1895 933 1924 tantummodo
948 1895 1101 1930 generales,
1116 1898 1169 1923 aut
1182 1894 1205 1922 si
1219 1895 1342 1922 fortasse
1355 1894 1493 1930 speciales
1506 1903 1592 1930 super
1605 1894 1724 1929 negocio
1738 1894 1878 1922 aduersus

533 1942 662 1977 prefatos
673 1942 853 1970 Mercatores
863 1941 1012 1969 extiterint
1023 1951 1081 1969 non
1092 1943 1189 1976 potest
1199 1940 1283 1968 aliter
1293 1949 1353 1968 esse
1364 1940 1434 1975 quin
1445 1940 1541 1975 aliquo
1552 1939 1779 1968 extraordinario
1790 1939 1877 1968 modo

532 1987 642 2016 furtiuo
661 1990 691 2015 et
708 1987 879 2023 surrepticio
897 1989 1016 2022 propter
1033 1986 1139 2015 iudicia
1157 1989 1187 2014 et
1206 1985 1398 2015 consciencias
1417 1985 1583 2014 officialium
1601 1988 1631 2014 et
1650 1985 1877 2014 consiliariorum

533 2033 653 2062 Domini
670 2033 757 2068 Regis
772 2032 927 2068 impetrate
942 2032 1010 2060 sint.
1045 2032 1085 2060 Et
1099 2032 1164 2060 ideo
1179 2041 1291 2060 summe
1306 2031 1387 2060 licuit
1403 2031 1530 2060 Domino
1546 2031 1619 2066 Regi
1633 2031 1750 2060 easdem
1764 2031 1877 2060 litteras

532 2088 583 2115 per
598 2078 834 2107 aduisamentum
850 2077 969 2113 Consilij
988 2081 1077 2113 atque
1093 2077 1271 2113 insequendo
1287 2080 1354 2106 acta
1370 2077 1508 2113 Supreme
1525 2076 1612 2105 Curie
1628 2076 1817 2105 Parliamenti
1832 2076 1877 2105 sui

532 2134 583 2160 per
593 2124 664 2153 alias
674 2124 787 2152 litteras
797 2127 827 2152 et
838 2124 957 2152 decreta
967 2123 1126 2159 posteriora
1137 2123 1230 2152 modis
1241 2123 1376 2151 omnibus
1387 2132 1521 2151 reuocare
1532 2123 1681 2151 annullare
1692 2126 1721 2151 et
1732 2122 1878 2151 infirmare

532 2174 620 2206 prout
634 2180 687 2199 sua
701 2170 840 2199 serenitas
855 2169 1010 2199 iustissime
1025 2169 1103 2205 fecit,
1119 2179 1177 2198 non
1192 2179 1226 2198 ex
1241 2169 1314 2197 dolis
1328 2178 1422 2204 neque
1437 2168 1474 2197 ad
1489 2169 1688 2204 importunam
1703 2168 1876 2197 instanciam

532 2215 677 2245 dictorum
690 2216 899 2251 Mercatomm,
913 2215 989 2244 sicut
1002 2215 1132 2251 prefatus
1145 2214 1288 2243 Ricardus
1300 2224 1348 2243 eos
1361 2214 1505 2249 diffamat,
1519 2217 1563 2242 set
1576 2214 1692 2250 propria
1704 2217 1734 2242 et
1746 2214 1878 2249 regulata

531 2265 629 2290 mente
643 2271 694 2290 sue
709 2261 784 2297 regie
798 2261 960 2290 maiestatis
975 2264 1117 2296 tanquam
1133 2261 1265 2289 debentis
1280 2263 1310 2289 et
1324 2260 1408 2289 aliter
1422 2270 1481 2289 non
1496 2260 1620 2289 valentis
1633 2269 1752 2288 suorum
1767 2259 1878 2288 subiec-

531 2310 629 2336 torum
642 2307 801 2336 commodis
814 2307 974 2343 prouidere,
989 2310 1018 2335 et
1031 2307 1083 2335 hec
1096 2309 1165 2335 sunt
1178 2316 1234 2342 que
1248 2316 1299 2342 per
1312 2306 1455 2335 Dominos
1468 2305 1589 2341 Consilij
1604 2305 1673 2341 regii
1686 2305 1722 2334 de
1735 2305 1877 2334 mandato

531 2363 582 2382 sue
595 2353 772 2382 celsitudinis
786 2353 963 2388 inuestigata
975 2356 1145 2388 comparata
1159 2352 1307 2381 declarata
1321 2355 1351 2380 et
1365 2352 1457 2380 relata
1468 2355 1537 2380 sunt
1552 2361 1603 2387 pro
1616 2361 1685 2380 vera
1699 2354 1729 2380 et
1744 2354 1823 2380 certa
1834 2351 1877 2379 in-

532 2399 693 2434 telligencia
706 2399 814 2434 negocij
836 2398 985 2432 antedicti.
1025 2398 1167 2433 Quocirca
1182 2407 1234 2426 nos
1248 2397 1411 2426 Edwardus
1430 2397 1493 2426 Rex
1506 2397 1609 2432 Anglie
1623 2400 1803 2425 memoratus
1823 2405 1876 2432 pro

532 2448 610 2473 certo
627 2444 750 2473 scientes
765 2444 937 2473 relacionem
954 2444 1053 2472 taliter
1069 2453 1119 2480 per
1136 2443 1279 2472 Dominos
1295 2443 1417 2472 Consilii
1433 2443 1525 2472 nostri
1541 2443 1624 2471 nobis
1640 2442 1750 2471 factam
1768 2441 1876 2471 racioni
