2112 2901
313 900 462 925 Loquendum

313 941 365 954 cum
390 933 463 954 domi-

390 1217 469 1248 1295

486 151 508 187 8
775 161 896 187 CASES
920 160 1079 186 BEFORE
1102 160 1182 185 THE
1207 159 1345 186 KING’S
1368 160 1545 186 COUNCIL

487 238 617 269 domino
640 239 725 276 Rege
745 240 795 269 set
814 238 975 275 supplicat
996 237 1138 268 Domino
1160 237 1239 275 Regi
1259 237 1346 275 quod
1368 237 1468 275 possit
1488 248 1521 268 se
1541 237 1617 276 poni
1638 237 1677 269 de
1697 238 1763 268 alto
1793 241 1827 269 et

487 288 581 319 basso
595 288 625 318 in
640 288 809 318 voluntate
824 287 956 318 Domini
971 287 1066 325 Regis
1080 286 1119 318 de
1132 286 1191 317 hoc
1205 287 1291 325 quod
1305 287 1366 317 sibi
1379 287 1565 324 imponitur.
1601 288 1644 318 Et
1657 298 1752 325 super
1765 287 1826 318 hoc

488 338 650 376 predictus
674 338 852 375 Episcopus
874 336 1046 375 requisitus
1067 336 1093 367 si
1115 336 1406 367 excommunicauit
1430 336 1610 374 predictum
1631 337 1826 368 Willelmum

488 388 591 419 Goulc
612 398 648 418 eo
670 387 756 425 quod
779 386 952 417 deliberare
973 386 1077 417 noluit
1098 386 1279 424 predictum
1301 390 1433 424 captum
1454 386 1524 417 sibi.
1568 386 1674 424 Quam
1695 386 1826 425 quidem

488 437 684 468 sentenciam
711 436 874 474 predictus
900 436 1079 474 Episcopus
1104 446 1168 466 non
1196 435 1327 467 dedixit.
1375 436 1417 466 Et
1444 435 1593 467 dominus
1620 436 1689 467 Rex
1714 435 1827 466 habito

488 491 631 517 tractatu
649 497 721 517 cum
738 486 868 517 consilio
884 496 941 516 suo
959 485 1139 523 predictum
1156 485 1352 523 Episcopum
1368 485 1399 515 in
1416 485 1520 516 forma
1537 485 1681 523 predicta
1697 485 1828 516 admisit

488 540 520 567 et
534 537 544 554 ⁵
560 536 763 567 voluntatem
780 546 871 566 suam
888 546 987 574 quam
1003 535 1031 566 ei
1048 535 1133 566 dicet
1147 546 1220 566 cum
1234 535 1293 566 sibi
1308 535 1473 573 placuerit.
1504 535 1547 566 Et
1560 535 1683 566 dictum
1697 538 1745 566 est
1760 545 1829 573 pre-

489 586 582 616 dictis
599 586 758 624 Episcopo
774 589 806 616 et
822 585 980 616 Willelmo
996 585 1082 623 quod
1099 585 1195 615 nichil
1212 585 1356 623 tangitur
1372 585 1403 615 in
1420 585 1482 616 isto
1498 595 1646 623 processu
1663 584 1702 616 de
1718 595 1828 616 eorum

489 635 692 666 libertatibus
712 635 738 666 si
758 645 838 674 quas
858 635 1000 665 habeant
1020 634 1074 665 sed
1095 638 1225 665 tantum
1246 635 1284 666 de
1307 635 1470 666 sentencia
1490 635 1609 673 injuste
1629 635 1696 665 lata
1717 638 1829 665 contra

490 696 640 716 coronam
658 685 763 723 Regis.
792 685 834 716 Et
851 685 996 715 similiter
1011 684 1134 715 dictum
1150 688 1198 715 est
1215 684 1358 722 predicto
1375 684 1534 722 Episcopo
1550 684 1636 723 quod
1653 684 1829 715 secundum

489 735 575 766 Juris
601 735 795 773 exigenciam
821 734 1000 765 satisfaciat
1027 734 1178 772 predictis
1204 734 1362 765 Willelmo
1388 734 1427 765 de
1451 734 1587 765 Valence
1613 738 1645 765 et
1671 734 1829 765 Willelmo

491 785 594 816 Goule
613 785 639 815 si
658 785 718 815 sibi
737 784 854 815 viderit
873 784 1020 822 expedire
1040 788 1076 815 vt
1096 784 1238 815 invenire
1258 788 1365 822 posset
1385 783 1552 815 dominum
1572 784 1692 822 Regem
1712 783 1830 822 gratio-

491 835 615 866 siorem.
671 835 787 865 Postea
816 834 1033 865 Caneellarius
1062 834 1150 864 venit
1179 834 1209 863 in
1239 834 1349 864 Banco
1377 838 1409 864 et
1438 833 1518 864 dixit
1545 833 1632 872 quod
1660 833 1831 864 mandavit

492 885 651 922 Episcopo
674 884 761 923 quod
784 888 866 915 esset
889 884 921 914 in
945 884 1088 921 proximo
1112 884 1328 914 Parliamento
1351 883 1555 914 voluntatem
1578 883 1711 913 Domini
1734 883 1831 921 Regis

491 934 671 965 auditurus.
715 935 752 964 In
775 944 839 972 quo
862 933 993 972 quidem
1016 933 1233 964 Parliamento
1256 933 1430 964 nunciante
1453 933 1599 963 Gilberto
1622 932 1661 963 de
1685 932 1828 963 Roubur’

492 984 600 1015 Datus
616 988 662 1014 est
680 983 746 1014 dies
763 983 907 1021 predicto
927 983 1086 1021 Episcopo
1106 983 1137 1012 in
1157 983 1260 1013 forma
1276 993 1340 1021 qua
1360 983 1447 1020 prius
1462 993 1564 1021 vsque
1580 982 1642 1013 diei
1662 982 1782 1013 Pasche
1799 982 1831 1012 in

491 1044 593 1064 vnum
608 1043 750 1064 mensem
766 1033 949 1071 Vbicunque
965 1033 1021 1064 &a

667 1137 853 1166 CITIZENS
876 1137 927 1166 OF
949 1137 1118 1165 LONDON
1141 1145 1163 1165 v.
1187 1137 1270 1165 THE
1293 1136 1438 1165 BISHOP
1461 1136 1511 1165 OF
1533 1136 1661 1164 BATH¹

548 1216 594 1246 La
606 1215 745 1254 peticion
758 1215 813 1245 des
826 1215 972 1253 Cyteyns
984 1215 1023 1245 de
1036 1214 1201 1245 Loundres
1213 1225 1232 1245 a
1243 1217 1352 1245 nostre
1364 1213 1512 1252 seignour
1522 1213 1551 1244 18
1565 1214 1636 1252 Rey
1649 1224 1688 1244 en
1701 1212 1833 1252 priaunt

492 1265 630 1296 remedie
646 1265 701 1296 des
717 1265 864 1295 duresces
879 1264 975 1295 south
991 1264 1130 1295 escrites.

547 1314 789 1345 Primierement
804 1325 877 1345 cum
891 1314 961 1344 lour
974 1314 1117 1344 chartres
1131 1316 1243 1352 seyent
1257 1313 1446 1344 enfraunchi
1460 1323 1522 1351 que
1536 1313 1557 1343 il
1572 1323 1612 1343 ne
1626 1312 1746 1351 deyent
1759 1312 1834 1343 nule

491 1367 565 1404 part
578 1368 661 1395 estre
675 1364 808 1402 enplede
821 1364 895 1394 hors
909 1364 948 1394 de
961 1363 991 1394 la
1006 1364 1108 1402 Cytee
1122 1364 1161 1394 de
1175 1363 1340 1393 Loundres
1354 1363 1392 1393 de
1406 1363 1476 1393 lour
1488 1363 1640 1393 fraunkes
1654 1365 1832 1400 tenemenz,

491 1425 593 1453 queus
606 1414 627 1444 il
641 1417 722 1445 ount
736 1414 816 1444 denz
830 1413 861 1444 la
872 1413 955 1451 Cim,
968 1423 1007 1444 ne
1018 1413 1120 1443 unkes
1134 1424 1153 1444 a
1166 1413 1221 1443 nul
1233 1416 1305 1443 tens
1318 1423 1357 1443 ne
1371 1413 1503 1450 furent‚²
1516 1415 1638 1451 tanque
1651 1412 1679 1443 le
1691 1412 1834 1443 Esueske

491 1464 531 1495 de
545 1465 615 1495 Baa
630 1463 685 1502 qui
699 1473 753 1494 ore
766 1466 825 1501 est,
841 1473 881 1493 en
900 1466 972 1494 tens
992 1473 1031 1501 qe
1047 1463 1068 1493 il
1088 1462 1156 1493 fust
1170 1467 1306 1493 tresorer
1320 1462 1371 1493 del
1385 1462 1536 1493 escheker
1549 1472 1566 1493 e
1581 1462 1672 1493 Deen
1688 1462 1727 1492 de
1741 1461 1834 1492 Saint

492 1513 618 1545 Martin
635 1513 663 1544 le
679 1514 797 1551 grant‚³
813 1523 912 1544 saunz
928 1513 998 1543 bref
1014 1512 1042 1543 le
1059 1513 1130 1550 Rey
1147 1523 1186 1543 ne
1203 1512 1473 1549 comaundement
1489 1522 1548 1550 par
1564 1521 1640 1550 poer
1655 1522 1672 1542 e
1689 1521 1747 1549 par
1763 1513 1835 1542 out-

492 1563 617 1594 raiouse
640 1563 808 1600 destresce,
830 1573 849 1593 a
872 1573 907 1593 sa
927 1566 1017 1593 seute
1038 1562 1215 1600 demeygne
1236 1572 1309 1592 cum
1330 1562 1422 1592 Deen
1443 1564 1475 1592 et
1496 1561 1642 1592 deuaunt
1661 1561 1682 1591 li
1703 1571 1834 1599 memes,

492 1613 629 1651 enpleda
647 1623 692 1643 un
712 1612 854 1643 Osebern
876 1612 904 1643 le
925 1612 1049 1650 Leuer‚4
1072 1611 1191 1650 Cytein
1211 1612 1250 1642 de
1270 1611 1445 1649 Loundres,
1463 1611 1502 1642 de
1518 1621 1599 1642 soun
1614 1611 1732 1641 fraunk
1747 1614 1836 1642 tene-

492 1666 583 1694 ment
597 1673 636 1693 en
652 1662 827 1700 Loundres,
842 1672 882 1693 ne
897 1672 971 1693 sour
986 1672 1040 1692 ceo
1054 1662 1099 1692 les
1114 1661 1282 1699 chalenges
1296 1661 1324 1691 le
1339 1661 1492 1699 Gardeyn
1507 1662 1518 1679 ⁵
1532 1671 1571 1691 ne
1585 1660 1630 1691 les
1644 1660 1837 1691 Alclermans

539 1752 548 1766 ⁵
567 1750 579 1775 Ι
603 1749 703 1776 amend
725 1753 747 1775 el
768 1749 823 1775 and
843 1749 908 1775 read
929 1750 963 1774 acl
983 1750 1140 1775 voluntalem

494 1788 606 1818 sueton).

1193 1748 1281 1780 king’s
1312 1756 1401 1780 peace,
1433 1751 1485 1773 etc.

1192 1786 1299 1811 Londmz
1318 1786 1417 1815 (1887).

1239 1824 1247 1838 ³
1266 1822 1385 1848 William
1397 1822 1430 1848 de
1441 1822 1467 1848 la
1480 1821 1601 1853 Marche,
1614 1830 1644 1847 or
1655 1821 1689 1847 de
1701 1821 1835 1853 Marchia,

1195 1859 1240 1885 cir.
1262 1861 1328 1885 1285
1347 1868 1363 1885 a
1382 1859 1453 1885 clerk
1471 1859 1499 1885 of
1517 1859 1565 1885 the
1582 1859 1730 1889 wardrobe,
1750 1867 1837 1884 some-

1196 1897 1262 1922 time
1273 1897 1345 1922 clerk
1356 1897 1384 1922 os
1395 1896 1442 1922 the
1454 1897 1595 1928 chancery,
1608 1896 1636 1922 in
1649 1898 1716 1922 1290
1727 1896 1797 1922 dean
1808 1896 1836 1922 of

1536 1747 1624 1779 Birch,
1658 1747 1778 1773 charters
1808 1747 1838 1778 os

542 1900 549 1915 ¹
570 1898 667 1924 Found
689 1899 716 1924 in
739 1899 951 1929 Parliamentary
972 1898 1142 1929 Proceedinqs

500 1936 682 1968 (exchequer),
704 1935 752 1961 roll
772 1937 796 1962 8.
834 1935 894 1961 The
912 1935 961 1961 roll
981 1935 1096 1961 consists
1115 1935 1143 1960 of

497 1977 552 2000 two
571 1973 743 1999 membranes
760 1973 788 1999 of
807 1973 933 1998 different
951 1973 1012 2004 size,
1032 1972 1141 1998 written

497 2011 661 2043 apparently
686 2011 723 2042 by
748 2013 802 2035 two
827 2010 953 2035 different
979 2010 1072 2035 clerks.
1117 2010 1143 2035 It

499 2048 624 2074 contains
653 2047 859 2079 transcriptions
885 2047 913 2073 of
940 2047 987 2073 the
1013 2047 1143 2079 petitions

499 2085 562 2111 here
582 2085 699 2117 printed.
738 2085 817 2110 Wide
837 2084 956 2116 margins
975 2085 1029 2110 and
1049 2093 1143 2116 spaces

499 2126 540 2149 set
562 2123 600 2148 off
622 2123 668 2148 the
690 2122 828 2154 petitions,
852 2122 906 2148 and
928 2122 955 2147 in
978 2125 1032 2148 two
1054 2122 1144 2154 places

500 2160 575 2186 there
589 2169 633 2186 are
646 2160 757 2186 evident
771 2159 921 2185 omissions.

544 2199 553 2214 ²
573 2198 599 2223 It
611 2206 666 2223 was
677 2206 692 2223 a
703 2197 803 2229 liberty
814 2197 929 2229 granted
940 2196 967 2222 in
979 2196 1026 2222 the
1037 2196 1144 2222 charter

500 2235 528 2260 of
548 2236 643 2267 Henry
664 2235 676 2260 I
697 2235 751 2260 and
771 2234 910 2266 amplified
929 2234 956 2259 in
976 2234 1143 2265 subsequent

501 2272 621 2298 charters
642 2271 703 2298 that
724 2280 794 2297 none
811 2272 839 2297 of
856 2271 902 2297 the
919 2271 1030 2297 citizens
1046 2271 1143 2296 should

501 2309 534 2335 be
546 2309 696 2341 compelled
709 2312 737 2335 to
749 2309 829 2341 plead
840 2309 948 2334 outside
959 2308 1006 2334 the
1017 2308 1092 2334 walls
1103 2308 1144 2333 for

500 2346 636 2378 anything
646 2350 741 2378 except
752 2346 855 2378 foreign
867 2350 976 2371 tenures
986 2346 1041 2371 and
1052 2345 1144 2377 things

501 2383 589 2410 which
608 2383 716 2416 happen
735 2383 762 2409 in
780 2383 859 2409 other
877 2386 953 2415 parts
971 2382 1078 2415 against
1096 2382 1144 2408 the

1195 1934 1242 1960 the
1265 1934 1404 1966 collegiate
1426 1933 1527 1959 church
1548 1934 1576 1960 of
1598 1934 1638 1959 St.
1662 1933 1791 1959 Martin's
1812 1933 1838 1959 18

1194 1972 1296 2003 Grand,
1311 1971 1365 1997 and
1379 1971 1406 1997 in
1421 1971 1504 2004 April,
1516 1972 1589 2003 1290,
1599 1971 1646 1997 the
1661 1979 1797 1996 successor
1808 1970 1837 1996 of

1195 2009 1302 2041 Kirkby
1316 2018 1346 2034 as
1360 2012 1494 2034 treasurer
1508 2009 1535 2034 of
1552 2008 1599 2034 the
1613 2008 1771 2040 exehequer.
1804 2008 1836 2033 In

1197 2048 1261 2072 1293
1281 2046 1315 2071 he
1333 2055 1388 2072 was
1406 2046 1509 2071 elected
1528 2045 1625 2078 bishop
1644 2046 1671 2071 of
1690 2045 1763 2071 Bath
1782 2045 1837 2071 and

1195 2083 1277 2109 Wells
1296 2084 1375 2114 (Dior.
1394 2084 1457 2109 Nat.
1475 2084 1558 2115 Bioy„
1578 2083 1634 2109 also
1651 2083 1794 2109 Colendars
1811 2083 1841 2114 os

1196 2122 1288 2146 Palem
1301 2121 1356 2146 and
1369 2121 1443 2147 Close
1456 2121 1550 2151 Rolls).
1582 2121 1632 2146 His
1645 2120 1837 2152 appointment

1195 2161 1224 2184 to
1248 2158 1294 2184 the
1320 2158 1515 2190 treasurership
1538 2166 1593 2184 was
1618 2161 1667 2183 not
1692 2157 1838 2183 weleomed

1195 2196 1232 2228 by
1243 2196 1289 2221 the
1303 2196 1468 2221 Londoners.
1499 2196 1523 2221 A
1535 2195 1645 2227 “king's
1654 2195 1793 2221 steward''
1804 2194 1838 2220 he

1196 2242 1250 2259 was
1263 2232 1503 2265 contemptuously
1517 2232 1610 2264 called,
1624 2241 1640 2258 a
1652 2241 1716 2258 man
1730 2234 1838 2257 “never

1195 2279 1257 2295 seen
1275 2279 1305 2296 or
1322 2270 1405 2296 heard
1423 2270 1451 2295 of
1468 2270 1559 2295 before
1573 2270 1628 2295 this
1645 2269 1711 2295 time
1724 2270 1738 2281 '³
1757 2270 1837 2300 (Flor.

1195 2308 1267 2334 Hisc.
1298 2308 1349 2339 ΙΙΙ,
1379 2308 1452 2338 280).
1498 2308 1551 2333 For
1577 2307 1619 2332 his
1646 2310 1708 2339 part
1735 2306 1763 2332 in
1791 2306 1838 2332 the

1195 2348 1291 2370 events
1318 2345 1428 2370 alluded
1454 2348 1483 2370 to
1508 2344 1537 2370 in
1563 2344 1618 2370 this
1643 2343 1767 2376 petition,
1795 2351 1839 2369 see

1196 2382 1395 2413 Introduction,
1410 2391 1436 2414 p.
1450 2382 1477 2408 li.
