2112 2901
733 191 941 217 APPENDIX
968 191 981 216 1
1459 180 1529 216 127

187 281 271 300 suam
296 271 503 300 tantummodo
522 271 552 299 in
572 271 675 306 Anglia
695 274 844 300 reuocaret
864 271 950 299 breve
970 271 1102 299 futurum
1123 271 1196 299 foret
1222 270 1300 305 quod
1325 270 1530 298 dissolueretur

188 317 317 346 Societas
331 317 451 352 Stapule
463 317 610 346 antedicte
627 316 663 345 de
677 317 758 345 cuius
772 317 914 352 prosperis
926 316 1104 345 successibus
1121 316 1228 352 pendet
1245 326 1303 344 non
1318 319 1435 344 tantum
1451 315 1530 344 salus

189 362 259 391 dicti
268 362 347 398 opidi
357 366 387 391 et
396 362 642 391 mercanchiarum
653 361 764 390 Calesie
773 365 817 390 set
827 362 917 390 eciam
928 362 1019 390 totius
1029 362 1216 390 comunitatis
1228 361 1307 397 regni
1317 361 1427 396 Anglie.
1461 361 1531 396 Qui-

189 408 243 437 bus
257 408 420 437 racionibus
434 408 570 437 maiestas
584 408 661 444 regia
675 408 749 436 iuste
765 411 896 443 permota
909 407 1024 443 scripsit
1038 407 1067 436 in
1082 407 1234 436 Franciam
1248 411 1282 436 vt
1296 417 1383 436 causa
1397 407 1460 442 ipsa
1474 416 1530 442 que

187 454 257 483 olim
277 454 407 483 totaliter
427 463 460 482 ex
478 454 568 482 Curia
587 453 774 482 Parliamenti
795 453 914 482 Francie
934 453 971 481 ad
991 462 1076 481 suum
1096 453 1220 481 iudicem
1240 453 1269 481 in
1289 453 1392 488 Anglia
1413 452 1530 481 remissa

188 499 254 534 fuit,
273 499 381 528 ibidem
400 499 521 528 vlterius
539 509 597 528 non
615 499 742 534 agitetur
760 509 818 527 non
836 499 1022 527 obstantibus
1040 499 1144 527 litteris
1162 501 1191 527 et
1210 498 1328 527 licencia
1347 498 1482 534 predictis
1500 498 1530 526 in

189 545 294 581 quibus
313 545 523 574 concendendis
541 554 594 573 sua
611 545 750 573 serenitas
768 554 802 573 ex
820 544 901 573 falcis
918 544 1150 580 suggestionibus
1169 544 1273 579 prefati
1292 544 1408 572 Ricardi
1423 544 1479 572 fuit
1497 547 1531 572 vt

189 591 370 627 premittitur
383 591 590 619 circumuenta.
625 590 672 619 Ita
686 590 804 625 quidem
818 589 923 618 accidit
938 589 1016 624 quod
1031 589 1173 618 Ricardus
1186 589 1232 618 ille
1246 589 1292 618 cui
1306 599 1356 625 per
1370 589 1530 618 Dominum

189 637 298 672 Regem
309 636 403 665 omnis
413 636 527 664 iusticia
539 646 605 664 cum
616 636 716 664 fauore
727 635 782 663 sibi
792 635 985 664 ministranda
994 635 1024 663 in
1034 635 1139 670 Anglia
1149 635 1248 664 oblata
1261 638 1305 663 est
1316 635 1345 663 in
1361 635 1530 671 despectum

188 685 218 711 et
232 682 421 718 vilipendium
436 681 550 710 Corone
562 681 665 716 Anglie
679 681 875 716 perseuerauit
889 681 919 709 in
933 680 1047 709 malicia
1061 690 1113 709 sua
1127 680 1309 709 sollicitando
1324 684 1413 715 atque
1427 681 1532 709 defati-

188 727 283 763 gando
300 730 432 756 externos
449 727 591 762 principes
608 730 637 755 et
654 726 804 761 presertim
821 726 1027 754 Sancissimum
1045 726 1205 754 Dominum
1222 729 1354 754 nostrum
1370 736 1457 761 super
1472 726 1531 754 suis

187 773 294 808 iniquis
316 773 394 801 falsis
414 772 497 800 vanis
525 776 555 800 et
578 772 690 800 ficticiis
714 771 973 800 adinuencionibus
992 772 1021 799 in
1041 771 1126 800 finale
1151 771 1353 800 exterminium
1378 771 1531 800 Societatis

188 818 316 854 predicte
330 817 384 846 nisi
397 817 514 846 aliunde
527 817 650 853 desuper
664 817 873 852 prouideretur7
887 817 1025 845 aduersus
1040 816 1120 845 cuius
1134 817 1301 845 induratam
1315 817 1459 845 maliciam
1474 820 1532 856 tres

187 863 290 893 Status
308 863 388 899 regni
400 863 503 899 Anglie
515 863 545 891 in
563 863 759 892 Parliamento
773 862 939 898 congregati
953 862 1120 891 Vniuersum
1138 872 1258 898 regnum
1271 862 1373 897 Anglie
1387 856 1538 898 represenss

187 912 285 938 tantes
305 909 411 945 quibus
430 912 492 938 tam
511 909 572 944 ipse
592 908 734 937 Ricardus
754 918 843 944 quam
857 908 969 944 singula
984 908 1041 936 alia
1059 908 1211 944 supposita
1225 908 1314 943 ipsius
1334 908 1413 943 regni
1433 917 1532 943 parere

184 958 322 984 tenentur
335 955 484 990 cupientes
496 955 650 984 salubriter
663 955 814 990 prouidere
826 954 955 983 edictum
968 954 1070 990 penale
1083 954 1214 982 fecerunt
1227 963 1263 982 ne
1276 953 1373 982 dictus
1387 953 1531 982 Ricardus

188 1001 422 1037 prosecucionem
445 1001 534 1029 vllam
557 1001 700 1029 forensem
723 1000 798 1028 illius
822 1009 907 1029 cause
929 1009 986 1035 que
1009 1003 1106 1028 ortum
1129 999 1233 1028 habuit
1256 999 1331 1028 infra
1354 999 1532 1028 territorium

188 1047 308 1076 Domini
326 1047 413 1082 Regis
429 1046 519 1075 faciat
536 1050 589 1075 aut
605 1046 634 1074 in
651 1056 685 1075 ea
703 1046 837 1082 persistat
855 1046 913 1075 vllo
931 1045 1017 1074 modo
1034 1049 1078 1074 set
1095 1045 1174 1081 quod
1191 1045 1228 1074 ad
1246 1048 1357 1074 certum
1375 1045 1533 1074 terminum

188 1093 288 1122 veniat
304 1093 333 1121 in
349 1092 484 1128 Angliam
501 1102 618 1120 causam
635 1092 756 1120 eandem
775 1092 815 1120 ibi
833 1091 981 1120 solomodo
998 1095 1212 1127 prosecuturus.
1247 1092 1273 1119 A
1289 1101 1346 1126 quo
1363 1094 1476 1120 statuto
1492 1091 1533 1119 sic

188 1138 267 1167 edito
280 1141 370 1174 atque
383 1148 399 1166 a
413 1138 568 1174 prefixione
581 1138 698 1166 termini
711 1130 854 1172 certisque
867 1137 1094 1166 iniunctionibus
1108 1147 1141 1166 ex
1154 1140 1237 1173 parte
1250 1137 1370 1166 Domini
1384 1137 1470 1173 Regis
1483 1147 1533 1173 per

188 1184 300 1213 dictum
316 1193 402 1212 suum
419 1187 636 1220 procuratorem
652 1184 680 1212 in
699 1183 777 1212 curia
795 1184 929 1212 Romana
946 1193 997 1219 pro
1014 1183 1184 1212 execucione
1200 1183 1305 1219 prefati
1321 1183 1428 1212 statuti
1444 1183 1534 1212 racio-

188 1230 324 1258 nabiliter
335 1229 420 1258 factis
434 1229 530 1258 dictus
544 1229 686 1258 Ricardus
699 1229 736 1258 ad
751 1229 872 1258 eandem
886 1229 995 1258 curiam
1009 1229 1116 1257 dicitur
1127 1229 1295 1265 appellasse,
1312 1229 1392 1258 cuius
1406 1229 1534 1265 appella-

187 1275 232 1304 cio
244 1276 276 1311 si,
288 1275 366 1310 quod
379 1275 464 1310 absit,
476 1275 602 1304 admissa
613 1278 641 1304 et
652 1275 789 1304 exaudita
799 1275 873 1303 foret
886 1275 973 1303 breve
983 1275 1115 1303 futurum
1125 1278 1199 1303 esset
1213 1275 1291 1310 quod
1301 1275 1395 1303 omnis
1404 1275 1534 1303 iurisdic-

188 1321 232 1350 cio
248 1321 416 1356 temporalis
431 1331 464 1349 ex
480 1321 532 1349 tali
548 1321 678 1356 exemplo
694 1321 723 1349 in
739 1321 925 1349 manifestam
942 1321 1140 1349 confusionem
1155 1320 1304 1355 incideret,
1321 1321 1399 1356 quod
1416 1330 1474 1349 non
1489 1323 1534 1349 est

188 1367 364 1395 credendum
381 1367 409 1395 S.
427 1367 455 1395 d.
474 1377 501 1395 n.
520 1370 572 1395 aut
588 1367 681 1402 ipsam
700 1367 864 1395 Romanam
882 1366 1001 1395 Curiam
1019 1367 1092 1395 velle
1109 1366 1328 1402 quomodolibet
1345 1369 1532 1402 attemptare.

188 1413 228 1441 Et
242 1416 342 1441 autem
360 1412 434 1440 sicut
453 1422 540 1448 supra
559 1413 698 1441 recitatur
717 1413 847 1448 prefatus
861 1412 1004 1441 Ricardus
1017 1412 1047 1440 in
1060 1412 1117 1440 ista
1130 1421 1183 1440 sua
1197 1412 1393 1447 appellacione
1408 1412 1533 1440 multum

188 1458 297 1487 insistit
315 1458 390 1487 circa
408 1458 590 1487 fundandam
608 1458 838 1487 iurisdiccionem
857 1458 981 1486 Comitis
999 1458 1133 1486 Flandrie
1151 1461 1181 1486 et
1199 1462 1408 1493 consequenter
1427 1458 1535 1486 Parlia-

189 1504 281 1534 menti
292 1504 315 1531 F
317 1504 412 1532 rancie
423 1504 520 1539 quoad
532 1504 728 1539 cognicionem
739 1504 822 1539 spolij
839 1504 881 1532 ita
892 1503 1037 1532 commissi
1047 1504 1077 1532 in
1091 1504 1213 1539 Stapula
1224 1504 1332 1532 Calicie
1343 1507 1376 1532 vt
1392 1504 1535 1539 prefertur

189 1549 260 1578 satis
277 1559 366 1585 supra
384 1550 436 1578 hec
453 1549 566 1578 falsitas
584 1550 737 1578 confutata
754 1553 783 1578 et
802 1550 936 1578 eonuicta
954 1552 1006 1584 est,
1026 1559 1092 1578 cum
1110 1558 1209 1578 omnes
1227 1549 1341 1578 articuli
1358 1549 1534 1578 intercursus

189 1595 265 1624 inter
278 1595 425 1630 Principes
438 1595 567 1623 emanati
579 1599 648 1624 sunt
660 1595 806 1631 reciproci,
820 1605 877 1623 non
890 1595 1023 1631 amplius.
1056 1595 1108 1624 Jus
1120 1595 1282 1624 tribuentes
1294 1595 1403 1623 Comiti
1415 1598 1467 1623 aut
1480 1595 1534 1630 legi

190 1641 325 1670 Flandrie
335 1650 422 1676 super
432 1641 565 1669 subditos
577 1641 663 1676 Regis
675 1651 726 1676 pro
737 1641 835 1676 spoliis
846 1645 927 1669 extra
939 1641 1111 1676 perpetratis
1123 1650 1211 1676 quam
1222 1640 1295 1676 Regi
1305 1644 1357 1669 aut
1368 1641 1422 1676 legi
1432 1641 1534 1676 Anglie

188 1686 218 1715 in
233 1687 366 1715 subditos
380 1686 471 1715 Ducis
485 1687 654 1722 Burgundie
668 1696 720 1722 pro
734 1687 768 1715 iis
783 1696 839 1722 que
853 1687 883 1715 in
897 1690 974 1715 terra
988 1696 1040 1715 sua
1055 1686 1171 1722 propria
1185 1690 1275 1722 atque
1289 1686 1364 1715 inter
1378 1687 1453 1715 solos
1467 1696 1534 1715 suos

188 1732 334 1761 subiectos
350 1735 397 1761 act
412 1735 509 1761 sunta.
544 1732 715 1761 Inauditum
728 1736 771 1761 est
787 1732 863 1761 enim
879 1742 895 1761 a
910 1733 995 1761 sectis
1011 1732 1089 1768 quod
1102 1742 1176 1761 vnus
1192 1733 1390 1768 Flammingus
1406 1733 1534 1761 traheret

188 1778 278 1807 alium
292 1779 315 1806 F
317 1778 507 1814 lammingum
520 1778 557 1806 ad
571 1778 709 1807 iudicium
723 1778 753 1806 in
766 1778 870 1814 Anglia
885 1788 936 1814 pro
950 1778 1055 1806 delicto
1068 1778 1098 1806 in
1112 1778 1249 1807 Flandria
1262 1781 1428 1814 perpetrato
1443 1778 1534 1807 eciam

189 1824 214 1852 si
228 1824 323 1860 ipsum
340 1824 478 1852 delictum
495 1828 678 1852 concerneret
696 1824 772 1853 bona
788 1827 840 1853 aut
856 1824 1043 1853 mercimonia
1059 1827 1160 1859 postea
1176 1824 1303 1852 deducta
1318 1824 1348 1852 in
1362 1824 1466 1859 Anglia
1482 1833 1534 1852 nec

190 1873 287 1906 potest
309 1870 385 1898 racio
408 1869 470 1898 dari
492 1879 582 1905 quare
604 1870 695 1905 magis
717 1880 792 1899 vnus
814 1870 951 1906 Anglicus
974 1873 1196 1905 prosequeretur
1217 1870 1306 1898 alium
1328 1870 1482 1905 Anglicum
1504 1870 1534 1898 in

190 1915 327 1944 Flandria
338 1925 389 1951 pro
400 1915 512 1944 delictis
523 1919 576 1944 aut
586 1916 686 1951 spolijs
698 1916 857 1945 commissis
868 1916 897 1944 in
908 1916 1012 1952 Anglia
1024 1916 1165 1944 Hibernia
1175 1919 1228 1944 aut
1238 1916 1314 1944 Villa
1325 1916 1433 1944 Calicie
1445 1925 1534 1951 quam

188 1961 268 1998 quod
277 1962 307 1990 in
317 1961 446 1997 predicto
457 1971 524 1990 casu
535 1966 631 1997 posset
641 1962 839 1998 Flammingus
849 1962 879 1990 in
888 1962 992 1998 Anglia
1003 1962 1217 1998 Flammingum
1228 1962 1362 1997 prosequi
1372 1962 1451 1997 quod
1461 1972 1535 1990 nun-

189 2017 278 2043 quam
288 2007 344 2036 fuit
355 2007 450 2036 visum
460 2017 512 2036 nec
522 2008 580 2036 vlla
590 2008 752 2043 principum
764 2008 957 2037 conuencione
968 2017 1144 2036 concessum.
1175 2008 1205 2037 Si
1214 2017 1282 2036 vero
1293 2008 1423 2043 prefatus
1435 2008 1536 2036 Ricar-

189 2052 245 2081 dus
259 2053 405 2081 accionem
419 2053 459 2081 rei
480 2053 705 2088 persecutoriam
725 2053 863 2082 aduersus
878 2063 1053 2089 possessores
1074 2054 1207 2082 lanarum
1221 2063 1339 2082 suarum
1354 2054 1382 2082 in
1398 2054 1535 2082 Flandria

190 2098 312 2127 forsitan
333 2098 507 2127 intentasset
527 2108 579 2127 nec
599 2099 716 2127 accione
737 2099 880 2134 personali
900 2109 967 2127 suos
988 2099 1248 2128 communicatores
1269 2109 1320 2135 pro
1341 2099 1432 2135 spolio
1453 2102 1534 2128 extra

190 2144 343 2173 commisso
354 2144 385 2172 in
396 2144 489 2173 vetito
501 2144 632 2173 examine
643 2145 776 2173 traxisset
789 2145 818 2173 in
831 2154 948 2173 causam
960 2145 1076 2180 querela
1086 2154 1139 2173 sua
1151 2145 1274 2173 colorem
1284 2145 1409 2180 aliquem
1422 2145 1534 2173 iusticie

189 2189 231 2218 ita
247 2190 276 2218 in
292 2190 315 2217 F
316 2189 429 2218 landria
444 2189 598 2225 implorate
612 2190 762 2219 habuisset
777 2190 870 2219 vicine
885 2193 985 2219 autem
1000 2190 1024 2218 si
1038 2190 1116 2226 quod
1132 2200 1183 2226 per
1196 2190 1332 2226 Anglicos
1347 2190 1376 2218 in
1391 2190 1446 2219 illis
1461 2190 1534 2219 lanis

190 2235 365 2271 perpetratis
376 2235 513 2264 extiterat
525 2238 621 2264 totum
633 2235 662 2264 in
674 2235 749 2264 Villa
761 2235 872 2264 Calesie
884 2235 934 2264 vbi
945 2236 1039 2264 omnis
1051 2238 1218 2264 contractus
1231 2245 1281 2271 per
1292 2236 1331 2264 rei
1343 2236 1533 2265 tradicionem

190 2281 300 2310 factam
317 2281 442 2310 subditis
465 2281 555 2309 Ducis
578 2281 746 2317 Burgundie
768 2282 913 2317 perfectus
930 2285 992 2310 erat
1014 2285 1044 2310 et
1061 2291 1119 2310 non
1136 2281 1166 2310 in
1188 2282 1284 2317 patria
1305 2281 1440 2310 Flandrie
1457 2291 1534 2310 com-

190 2327 373 2358 mittebatur,
387 2327 481 2355 solent
494 2327 571 2355 enim
586 2327 765 2356 Mercatores
777 2328 898 2362 Stapule
912 2327 992 2356 lanas
1005 2337 1072 2356 suas
1085 2337 1198 2363 semper
1210 2327 1240 2355 in
1253 2327 1316 2363 ipsa
1329 2327 1451 2363 Stapula
1465 2337 1535 2356 ven-

191 2373 257 2402 dere
266 2373 309 2401 ita
321 2372 399 2408 quod
413 2375 478 2401 tota
490 2372 596 2401 abinde
606 2376 726 2401 vectura
736 2376 779 2402 est
793 2373 830 2401 ad
844 2383 917 2401 onus
931 2377 960 2402 et
974 2373 1133 2409 periculum
1145 2377 1322 2409 e1nptorum
1336 2373 1461 2409 denique
1475 2384 1533 2403 non

188 2422 234 2448 est
257 2418 478 2454 relinquendum
497 2418 641 2447 intactum
660 2419 689 2447 id
713 2419 791 2454 quod
809 2419 973 2454 sepedictus
993 2419 1135 2448 Ricardus
1153 2419 1262 2448 Heron'
1281 2419 1352 2448 dicit
1375 2419 1411 2448 de
1429 2419 1533 2448 litteris
