2112 2901
543 181 588 216 21
823 191 944 216 οΑ5Ε5
971 190 1130 216 BEFORE
1158 190 1237 215 THE
1265 190 1403 216 KING³s
1430 190 1606 217 COUNCIL

544 268 727 299 habendam
746 268 836 299 iuxta
854 272 997 299 tenorem
1016 267 1196 299 collacionis
1215 267 1331 306 prefati
1349 268 1466 298 summi
1484 268 1657 300 Pontificis.
1698 269 1742 300 Et
1760 270 1883 302 dictum

543 322 591 349 est
607 318 635 348 ei
651 318 737 356 quod
754 321 900 356 expectet
917 318 956 348 de
969 317 1019 348 dic
1035 317 1068 348 in
1081 317 1165 348 diem
1182 327 1349 356 quousque
1362 320 1422 348 etc.
1460 318 1504 349 Et
1518 318 1747 350 concordatum
1763 323 1812 351 est
1827 330 1884 358 per

543 368 723 406 predictum
740 367 906 398 consilium
923 367 1019 405 Regis
1035 367 1131 406 quod,
1149 370 1325 405 antequam
1341 367 1474 398 ulterius
1489 367 1563 398 inde
1578 371 1650 406 etc.,
1667 369 1802 400 scrutati
1817 369 1883 401 sint

543 417 637 448 rotuli
657 421 689 448 et
708 417 770 448 alia
788 417 996 448 memoranda
1014 427 1109 455 super
1126 416 1193 447 iure
1212 416 1308 455 Regis
1326 420 1359 447 et
1377 420 1467 447 statu
1486 417 1602 455 prefati
1620 417 1753 449 Walteri
1771 419 1803 449 in
1822 419 1883 451 hac

543 470 642 505 parte.
685 467 729 497 Et
748 466 927 498 iniunctum
947 470 996 497 est
1016 466 1118 497 eidem
1138 466 1280 497 Waltero
1300 466 1439 504 presenti
1458 470 1518 498 etc.
1540 467 1627 505 quod
1646 467 1713 506 ipse
1733 478 1770 499 ex
1790 472 1883 507 parte

541 527 600 547 sua
616 516 758 555 inquirat
774 520 807 547 et
823 516 958 548 scrutari
974 516 1073 547 faciat
1090 516 1242 555 quicquid
1260 520 1440 554 competere
1457 516 1575 554 poterit
1591 527 1686 555 super
1702 517 1769 548 iure
1786 519 1882 557 Regis

541 569 573 597 et
588 570 677 597 statu
693 577 751 597 suo
766 570 826 598 ete.
844 570 877 597 et
892 566 1072 597 euidencias
1088 576 1168 605 quas
1184 566 1257 597 inde
1272 570 1332 597 etc.
1350 566 1500 597 ostendat
1516 569 1548 597 et
1564 571 1723 605 proponat
1739 571 1799 599 etc.
1837 569 1882 600 Et

540 616 692 647 scrutatis
709 616 924 647 memorandis
941 626 1036 654 super
1053 615 1120 647 iure
1138 616 1234 654 Regis
1251 619 1323 653 etc.,
1343 619 1543 654 compertum
1561 620 1615 647 est*
1627 617 1668 647 ad
1686 617 1880 649 scaccarium

540 665 572 696 in
594 666 699 697 rotulo
720 666 805 697 xxix0
827 666 923 705 Regis
944 677 1028 697 nunc
1050 666 1155 697 rotulo
1176 670 1409 704 compotorum,
1432 666 1581 697 videlicet
1601 666 1633 696 in
1656 667 1753 698 tercio
1776 668 1881 700 rotulo

540 716 681 754 compoti
700 716 856 747 Johannis
875 716 914 747 de
934 716 1160 754 Lytegreyns18
1175 716 1214 746 de
1234 715 1377 746 Escaetis
1397 715 1492 754 Regis
1512 716 1597 746 ultra
1614 717 1769 748 Trentam
1788 721 1821 748 et
1840 718 1880 749 de

539 766 676 796 exitibus
706 766 1007 805 Archiepiscopatus
1038 765 1145 803 Ebor’‚
1177 765 1250 796 sede
1280 769 1427 803 vacante,
1459 766 1546 804 quod
1576 766 1880 806 Archiepiscopatus

540 816 701 853 predictus
715 816 845 847 vacanit
864 826 918 854 per
935 820 1072 846 mortem
1091 816 1116 846 I.
1132 816 1159 846 le
1178 816 1360 853 R01neyn,¹⁹
1378 825 1479 853 nuper
1496 815 1733 855 Archiepiscopi
1748 817 1878 855 ibidem,

538 875 557 895 a
571 865 629 904 xij⁰
643 866 693 896 die
711 866 827 896 Marcii
848 876 932 896 anno
950 865 1070 904 xxiiijw,
1087 876 1151 904 quo
1166 865 1216 896 die
1230 865 1315 895 idem
1330 865 1594 904 Archiepiscopus
1610 865 1699 903 obiit,
1715 870 1747 897 et
1763 867 1826 898 fuit
1846 867 1878 898 in

538 925 636 946 manu
654 915 749 954 Regis
766 916 807 946 ab
824 916 935 946 eodem
953 915 1003 946 die
1021 915 1146 946 racione
1162 914 1343 945 vacacionis
1359 915 1452 952 illius,
1470 918 1503 946 et
1519 915 1605 953 quod
1623 915 1707 946 idem
1725 917 1879 948 Escaetor

537 965 701 1003 respondit
725 965 804 1004 Regi
828 965 867 996 de
891 965 1028 996 exitibus
1051 965 1124 995 inde
1148 965 1189 995 ab
1209 965 1320 995 eodem
1344 964 1401 1003 xij0
1425 964 1475 995 die
1500 965 1707 1003 Marciusque
1731 966 1809 1005 xxij⁰
1828 967 1879 998 die

536 1015 555 1045 J
558 1015 623 1045 unii
643 1025 727 1046 anno
750 1018 837 1045 xxv¹⁰
856 1018 1031 1053 antequam
1050 1015 1119 1045 Rex
1136 1014 1320 1045 restitueret
1337 1014 1528 1052 temporalia
1546 1015 1680 1052 predicti
1698 1016 1878 1055 Archiepis-

537 1068 671 1102 copatus
688 1065 848 1103 Magistro
866 1064 1004 1095 Henrico
1021 1064 1060 1095 de
1078 1063 1243 1095 Newerk²⁰
1259 1064 1370 1094 Electo
1387 1064 1419 1094 in
1435 1064 1718 1103 Archiepiscopum
1734 1069 1794 1097 etc.
1834 1067 1878 1099 Et

536 1114 695 1145 Walterus
713 1115 752 1145 de
769 1114 973 1153 Bedewynde
990 1124 1085 1152 super
1102 1114 1161 1145 hoc
1180 1124 1237 1152 pro
1255 1113 1385 1145 domino
1403 1114 1490 1152 Rege
1507 1117 1540 1144 et
1557 1124 1590 1145 se
1607 1114 1676 1152 ipso
1694 1115 1772 1146 dicit
1790 1117 1877 1154 quod

534 1164 574 1195 de
594 1174 631 1195 eo
651 1165 738 1203 quod
761 1164 906 1203 predicta
928 1164 1141 1195 Thesauraria
1162 1164 1259 1195 Ebor’
1284 1163 1414 1195 vacauit
1437 1167 1582 1202 tempore
1604 1164 1785 1197 vacacionis
1807 1176 1878 1205 pre-

535 1214 613 1245 dicti
630 1214 932 1253 Archiepiscopatus
950 1214 1115 1245 existentis
1132 1214 1165 1244 in
1183 1224 1282 1244 manu
1300 1213 1399 1252 ipsius
1418 1213 1523 1252 Regis,
1543 1213 1610 1252 ipse
1628 1214 1777 1246 dominus
1795 1215 1875 1255 Rex,

534 1264 574 1295 ad
600 1274 695 1302 quem
718 1264 847 1295 collacio
869 1268 937 1295 tam
958 1264 1099 1295 eiusdem
1126 1263 1336 1294 Thesaurarie
1356 1274 1454 1302 quarn
1475 1263 1575 1294 eciam
1598 1264 1727 1296 collacio
1748 1269 1781 1296 et
1806 1276 1876 1304 pre-

533 1314 675 1345 sentacio
691 1314 825 1345 aliorum
846 1314 1072 1345 beneficiorum
1093 1313 1292 1351 vacaneium,
1314 1317 1452 1344 vacante
1472 1313 1546 1344 sede
1561 1313 1874 1355 Archiepiscopatus,

533 1374 670 1403 quorum
690 1363 820 1395 collacio
840 1374 895 1395 seu
915 1363 1113 1402 presentacio
1132 1366 1293 1402 spectaret
1312 1363 1353 1394 ad
1372 1363 1656 1402 Al'chiepiscopmn
1676 1365 1750 1396 sede
1769 1365 1873 1404 plena,

532 1414 572 1445 de
589 1414 657 1445 iure
674 1414 844 1452 spectabat
863 1414 988 1445 racione
1007 1413 1155 1444 videlicet
1173 1413 1422 1452 temporalitatis
1440 1413 1743 1452 Archiepiscopatus
1761 1419 1822 1447 etc.
1841 1416 1873 1446 in

532 1474 630 1494 manu
650 1474 708 1494 sua
728 1463 902 1501 existentis,
920 1463 1057 1494 contulit
1077 1463 1212 1494 eandem
1232 1463 1478 1494 Thesaurariam
1499 1463 1602 1494 eidem
1619 1464 1761 1496 Waltero
1776 1466 1874 1503 etc.,²l

531 1516 564 1545 et
576 1514 619 1544 510
632 1524 689 1544 1100
702 1513 851 1545 dominus
864 1514 933 1544 Rex
945 1513 977 1543 in
991 1513 1162 1544 collacione
1173 1512 1227 1543 illa
1240 1523 1296 1544 nec
1309 1513 1376 1551 ipse
1388 1513 1549 1544 VValterus
1561 1513 1594 1543 in
1607 1514 1799 1546 admissione
1811 1519 1872 1547 etc.

531 1563 681 1602 cuiquam
698 1564 843 1594 fecerunt
860 1563 1019 1594 iniuriam.
1059 1562 1246 1601 Requisitus
1262 1562 1347 1593 idem
1365 1563 1526 1594 Walterus
1542 1563 1568 1594 51
1585 1563 1663 1602 quid
1680 1564 1800 1596 habeat
1817 1575 1873 1603 per

530 1614 617 1652 quod
642 1613 742 1652 possit
766 1613 879 1644 docere
902 1613 942 1644 de
966 1612 1138 1644 vacacione
1162 1612 1304 1651 predicte
1327 1612 1538 1644 Thesaurarie
1562 1616 1707 1652 tempore
1730 1615 1873 1653 predicte

530 1663 711 1695 vacacionis
733 1663 1035 1701 Archiepiscopatus
1057 1666 1128 1701 etc.,
1152 1662 1231 1693 dicit
1251 1662 1338 1701 quod
1361 1666 1505 1701 tempore
1526 1662 1669 1694 eiusdem
1690 1664 1872 1696 vaeacionis

529 1713 831 1752 Archiepiscopatus
846 1713 995 1744 dominus
1007 1712 1202 1750 Bonifacius,
1217 1715 1294 1743 tunc
1310 1722 1455 1743 summus
1468 1712 1627 1751 Pontifex,
1641 1713 1817 1745 Iohannem
1832 1715 1872 1746 de

528 1766 640 1794 sancto
655 1763 726 1794 vico
742 1766 819 1794 tunc
835 1762 989 1801 temporis
1004 1762 1253 1793 Thesaurarium
1268 1762 1366 1793 Ebor'
1381 1762 1618 1793 sentencialiter
1633 1763 1784 1802 priuauit,
1801 1768 1870 1795 tam

527 1812 569 1843 ab
587 1813 700 1844 eadem
719 1812 932 1843 Thesauraria
950 1822 1049 1851 quam
1068 1822 1087 1842 a
1105 1811 1266 1843 beneficiis
1284 1811 1349 1842 suis
1367 1812 1437 1842 aliis
1455 1815 1527 1849 etc.,
1548 1822 1604 1850 per
1621 1823 1720 1851 quam
1739 1814 1870 1852 quidem

528 1862 744 1900 priuacionem
760 1862 830 1900 ipsa
846 1861 1059 1893 Thesauraria
1074 1861 1216 1899 vacauit,
1233 1861 1473 1900 temporalitate
1488 1862 1791 1901 Archiepiscopatus
1807 1867 1868 1895 etc.

526 1912 682 1943 existente
695 1912 728 1942 in
742 1922 841 1942 manu
856 1911 961 1950 Regis.
999 1911 1042 1942 Et
1056 1921 1151 1950 super
1165 1911 1348 1949 priuacione
1362 1911 1416 1942 illa
1430 1912 1572 1943 ostendit
1586 1912 1751 1950 quoddam
1766 1913 1870 1952 publi-

525 1972 598 1993 cum
614 1962 865 1993 instrumentum
882 1972 953 1992 eam
971 1961 1146 1992 testificans
1162 1961 1194 1991 in
1210 1961 1267 1992 hec
1284 1961 1396 1992 verba:

569 2037 588 2052 ¹⁸
605 2035 756 2061 Escheator
764 2034 846 2061 north
855 2035 884 2061 of
891 2034 937 2060 the
946 2035 1040 2067 Trent,
1050 2035 1169 2061 1295-97

526 2073 594 2104 (Cal.
610 2074 669 2099 Ραι.
682 2073 761 2105 Roas,
778 2074 834 2105 140,
847 2073 918 2103 &c.),
932 2072 1072 2098 escheator
1086 2071 1168 2098 south

521 2110 550 2137 of
566 2110 613 2137 the
628 2111 714 2136 Trent
729 2110 758 2136 in
776 2111 842 2136 1298
860 2110 928 2141 (Cal.
946 2110 985 2136 Cl.
1002 2110 1096 2141 Rolls),
1113 2109 1169 2135 and

522 2148 654 2180 guardian
672 2148 700 2174 os
717 2147 765 2174 the
781 2147 983 2179 archbishopric
1000 2147 1029 2173 of
1046 2147 1122 2172 York
1140 2147 1168 2172 in

524 2187 590 2212 1296
623 2185 721 2217 during
750 2185 883 2211 voidance
915 2184 991 2215 (ibid.
1023 2185 1060 2215 4).
1108 2184 1168 2210 The

521 2226 638 2249 account
658 2223 721 2249 here
739 2222 856 2248 referred
876 2225 906 2248 to
926 2222 948 2248 15
967 2222 1053 2248 found
1072 2221 1100 2247 in
1120 2221 1168 2247 the

520 2260 693 2287 Escheator's
708 2259 771 2286 Roll
786 2261 820 2286 29
836 2259 887 2285 Ed.
905 2260 917 2285 I
934 2259 989 2285 and
1004 2259 1032 2285 in
1048 2259 1095 2285 the
1111 2267 1168 2285 cor-

520 2298 684 2330 responding
697 2297 882 2324 Chaneellor's
896 2296 966 2322 Roll.

566 2337 584 2352 ¹⁹
602 2335 674 2361 John
698 2335 722 2361 le
745 2335 869 2366 Romein,
891 2343 921 2360 or
943 2334 1069 2366 Romaiu,
1090 2333 1166 2359 arch-

520 2372 617 2405 bishop
642 2373 670 2398 of
694 2372 778 2405 York,
802 2373 921 2398 1286—96
948 2371 997 2402 (Le
1022 2372 1107 2403 Neve,
1128 2371 1164 2403 iii,

521 2411 592 2441 104).
622 2409 681 2435 The
692 2409 780 2441 king's
791 2409 910 2441 disposal
922 2409 950 2435 of
962 2408 1009 2435 the
1020 2412 1167 2434 treasurer-

1220 2034 1281 2067 ship
1300 2043 1355 2060 was
1373 2034 1447 2060 what
1466 2043 1521 2061 was
1539 2035 1638 2061 known
1657 2044 1687 2062 as
1705 2045 1722 2062 a
1740 2037 1868 2063 collation

1223 2072 1237 2085 “
1249 2071 1277 2097 in
1291 2071 1338 2098 the
1351 2072 1423 2104 right
1437 2072 1465 2098 of
1478 2072 1621 2099 another.’'

1265 2111 1285 2126 ²⁰
1302 2109 1473 2142 Archbishop
1500 2110 1616 2136 Newerk
1641 2119 1697 2136 was
1722 2111 1825 2138 elected
1851 2112 1868 2138 7

1220 2147 1298 2180 May,
1326 2148 1399 2179 1296,
1423 2147 1547 2173 received
1570 2147 1616 2174 the
1635 2148 1712 2181 royal
1735 2152 1827 2175 assent
1851 2151 1868 2176 5

1219 2184 1297 2217 June,
1318 2184 1373 2210 and
1390 2185 1535 2211 recovered
1554 2185 1600 2211 the
1618 2186 1815 2218 temporalities
1833 2188 1866 2212 22

1219 2222 1297 2255 June,
1312 2223 1387 2248 1297.
1425 2222 1495 2248 Ibid.
1508 2222 1535 2254 ii,
1552 2224 1609 2249 104.

1263 2261 1281 2276 ²¹
1301 2259 1404 2285 Walter
1415 2268 1470 2285 was
1482 2260 1641 2286 nominated
1653 2260 1690 2293 by
1699 2260 1746 2287 the
1754 2261 1820 2293 king
1830 2270 1866 2287 on

1220 2298 1232 2322 l
1257 2297 1329 2323 Nov.
1355 2298 1421 2323 1306
1446 2297 1514 2328 (Cal.
1537 2298 1596 2323 Pat.
1617 2298 1697 2330 Rolls,
1716 2299 1788 2332 467),
1810 2299 1866 2325 and

1218 2342 1274 2360 was
1290 2333 1421 2360 inducted
1438 2336 1454 2360 6
1471 2335 1533 2361 Jan.
1553 2336 1628 2361 1307.
1664 2335 1771 2361 Letters
1788 2344 1865 2362 man-

1218 2371 1317 2404 datory
1334 2380 1403 2397 were
1420 2371 1510 2398 issued
1529 2373 1560 2398 10
1578 2372 1684 2405 March,
1705 2374 1771 2399 1307
1787 2373 1863 2404 (ibid.

1217 2409 1290 2442 511),
1309 2409 1364 2435 and
1384 2409 1421 2441 by
1440 2417 1457 2435 a
1476 2412 1587 2442 precept
1603 2410 1632 2436 of
1648 2410 1681 2436 20
1700 2410 1798 2436 March
1817 2410 1865 2437 the
