2112 2901
494 160 563 195 124
1038 169 1246 194 APPENDIX
1273 170 1286 195 1

492 250 674 285 presentibus
692 249 815 278 inserere
834 249 915 278 cuius
933 252 1016 278 tenor
1035 249 1101 278 talis
1119 252 1172 278 est.
1211 249 1287 278 Item
1305 259 1335 278 se
1354 259 1406 285 par
1424 260 1567 279 escumers
1585 260 1622 279 ou
1642 250 1749 279 aultres
1767 259 1836 286 gens

492 295 647 324 labourans
668 305 717 323 sur
733 295 760 323 la
776 304 877 330 guerre
893 304 1003 324 aucuns
1020 295 1100 323 biens
1117 295 1167 323 des
1183 295 1334 323 merchans
1350 295 1386 324 de
1402 295 1430 324 la
1447 296 1539 331 partie
1556 296 1731 331 Dangletere
1747 305 1784 324 ou
1801 295 1837 325 de

493 341 624 369 Brabant
646 341 668 368 F
670 340 805 369 laundres
827 341 953 369 Malines
974 350 1011 369 ou
1032 341 1141 369 aultres
1162 341 1224 376 pais
1245 340 1390 369 dessusdit
1411 341 1536 370 estoient
1557 341 1636 376 prins
1656 350 1705 370 sur
1726 350 1786 369 mer
1807 343 1837 370 et

492 396 626 415 ameneez
641 396 676 415 eu
691 396 802 414 aucuns
816 386 868 415 dez
883 389 965 421 portz
980 396 1017 415 ou
1032 386 1136 415 haures
1150 386 1186 414 de
1200 387 1249 415 lun
1265 386 1358 422 partie
1371 396 1409 415 ou
1423 386 1459 415 de
1472 387 1566 415 lautre
1581 396 1636 422 que
1650 387 1742 416 iceulx
1756 386 1838 415 biens

492 441 527 460 ne
540 435 680 467 pourront
692 432 755 460 illec
766 435 841 460 estre
853 432 965 460 vendus
978 442 1013 460 ne
1025 432 1149 460 alieneez
1161 441 1209 460 sur
1220 435 1295 461 terre
1307 442 1342 460 ne
1354 432 1408 460 mis
1419 442 1436 461 a
1448 435 1522 461 terre
1534 442 1587 468 par
1597 432 1683 461 lesdit
1694 441 1838 461 escumers

491 487 528 506 ou
543 478 651 506 aultres
666 478 877 513 quelzconques
891 481 921 506 et
939 487 968 506 se
986 478 1022 505 ilz
1035 477 1161 506 estoient
1178 477 1253 506 ainsi
1265 478 1387 506 venduis
1406 478 1528 507 alienees
1542 488 1590 506 sur
1609 481 1683 506 terre
1696 487 1734 506 ou
1747 478 1802 506 mis
1820 487 1838 506 a

492 526 567 552 terre
589 533 645 558 que
660 523 829 551 restitucion
844 533 907 551 sera
921 523 975 552 fait
994 523 1090 551 desdjt
1109 523 1191 552 biens
1205 533 1242 552 ou
1262 523 1297 552 de
1311 524 1372 552 leur
1390 523 1434 552 dit
1448 524 1548 552 valeur
1562 533 1618 552 aux
1632 523 1783 552 merchans
1802 523 1838 552 de

492 569 542 604 qui
559 579 596 597 011
614 569 654 597 les
671 568 767 597 auroit
785 568 872 604 prins.
910 569 950 597 Et
966 571 1073 597 auront
1090 569 1130 597 les
1146 569 1257 597 officers
1274 568 1324 597 des
1341 569 1416 597 lieux
1433 569 1621 598 mandement
1638 578 1769 604 expresse
1787 578 1839 604 par

492 615 592 643 lettres
607 617 741 649 patentes
755 615 811 642 telz
825 614 896 649 quili
909 614 1078 650 appartient
1091 614 1183 643 (161311
1196 614 1266 643 13116
1280 614 1353 643 ladit
1366 614 1536 643 restitucion
1550 617 1648 643 tontes
1661 615 1701 643 les
1714 614 1769 643 fois
1782 623 1839 649 que

492 661 517 689 16
531 670 578 689 cas
591 660 721 689 escherra
734 670 782 689 sur
794 660 879 696 paine
893 660 929 688 de
943 661 968 688 le
982 660 1124 689 recouirer
1137 669 1186 689 sur
1197 661 1261 689 eulx
1273 670 1303 689 se
1315 660 1400 689 lesdit
1412 660 1493 689 biens
1505 660 1630 689 estoient
1642 660 1715 688 ainsi
1727 659 1839 688 vendus

492 716 529 735 ou
544 706 668 734 alieneez
683 716 700 734 a
715 709 789 734 terre
803 716 840 734 ou
855 706 909 734 mis
923 716 940 735 a
954 709 1029 734 terre
1043 706 1078 734 de
1091 706 1153 735 leur
1166 715 1233 735 5060
1246 716 1284 735 00
1298 706 1460 735 souffrance
1474 709 1503 735 et
1517 716 1588 735 auec
1602 716 1631 735 se
1645 715 1708 734 sera
1722 705 1777 734 fait
1790 705 1840 734 de-

492 752 574 781 fence
592 762 621 780 65
640 755 737 787 portes
756 754 785 780 et
803 752 908 780 haurez
927 751 988 780 dun
1006 755 1085 780 coste
1103 754 1133 780 et
1150 751 1265 780 daultre
1282 761 1331 780 sur
1349 752 1473 780 certains
1491 755 1520 780 et
1538 761 1648 787 grosses
1666 752 1765 787 paines
1783 760 1839 786 que

492 798 577 827 alcun
591 798 627 826 (16
641 798 765 832 quelque
778 797 882 826 nacion
896 797 955 832 quil
969 797 1026 826 soit
1038 807 1074 826 ne
1086 797 1190 826 achate
1204 808 1221 826 a
1235 800 1310 826 terre
1324 807 1359 826 ne
1374 807 1479 833 pourra
1494 801 1599 826 mettre
1611 808 1629 826 a
1641 800 1716 826 terre
1729 806 1840 826 aucuns

492 843 543 872 dez
556 843 600 871 dit
614 843 703 871 biens.
734 843 781 872 Ita
790 843 908 878 quidem
923 843 1075 872 confutato
1089 843 1224 879 precipue
1236 843 1325 871 immo
1338 846 1367 872 et
1380 843 1440 872 solo
1452 843 1522 871 dicti
1536 843 1654 872 Ricardi
1667 845 1839 878 argumento

492 899 526 918 ex
547 889 628 917 cuius
649 888 764 917 fallacia
785 889 878 924 Reges
899 892 929 917 et
951 889 1038 917 ceteri
1059 888 1206 924 Principes
1227 889 1404 924 demumque
1425 898 1556 917 summus
1577 888 1688 917 Christi
1708 888 1840 916 Vicarius

493 935 684 963 circumuenti
705 944 763 963 non
785 935 864 963 nulla
884 934 977 963 eidem
999 944 1049 970 per
1069 943 1136 962 suas
1157 934 1269 962 litteras
1290 937 1494 963 concesserunt
1514 944 1570 969 que
1591 934 1615 962 si
1636 934 1840 972 premissorum

492 980 573 1009 scioli
593 980 757 1009 extitissent
782 980 818 1008 de
838 979 985 1008 verisimili
1005 990 1063 1008 non
1084 979 1207 1008 fuissent
1232 979 1452 1015 quomodolibet
1472 979 1634 1009 concessuri
1661 979 1841 1015 superfluum

492 1026 610 1055 videtur
627 1026 738 1060 reliqua
756 1026 868 1062 prefate
886 1025 1109 1061 supplicacionis
1127 1025 1256 1061 capitula
1274 1028 1452 1061 pertractare
1470 1035 1526 1061 que
1544 1035 1603 1054 non
1621 1024 1840 1054 declinatoriam

493 1071 547 1101 fori
563 1075 607 1100 set
623 1071 849 1106 peremptoriam
865 1071 1019 1099 materiam
1034 1074 1125 1106 atque
1140 1071 1278 1100 interiora
1292 1071 1403 1100 viscera
1419 1080 1504 1100 cause
1519 1071 1599 1107 apud
1615 1080 1701 1100 suum
1716 1070 1841 1099 iudicem

493 1117 630 1153 agitande
644 1119 831 1152 concernunt,
846 1120 966 1152 excepto
980 1117 1058 1152 quod
1071 1116 1132 1152 ipse
1146 1116 1288 1145 Ricardus
1301 1126 1330 1145 se
1344 1117 1526 1152 peregrinum
1539 1120 1569 1145 et
1581 1117 1755 1152 romipetam
1768 1119 1842 1144 tem-

493 1173 562 1199 pore
575 1162 753 1192 turbaciouis
766 1172 816 1191 sue
829 1162 917 1191 fuisse
929 1162 1018 1198 lapsis
1031 1165 1132 1198 postea
1145 1172 1234 1198 prope
1246 1162 1351 1198 viginti
1363 1163 1447 1191 annis
1459 1162 1543 1191 finxit
1555 1166 1585 1191 et
1597 1162 1746 1191 similauit.
1779 1161 1841 1196 Que

493 1218 538 1237 res
558 1218 647 1244 quarn
674 1218 724 1244 per
745 1201 899 1237 nonnullas
919 1208 1032 1237 litteras
1053 1208 1144 1243 regias
1164 1208 1360 1243 superioribus
1388 1208 1490 1237 diebus
1516 1208 1690 1237 Sancissimo
1712 1207 1840 1236 Domino

494 1258 593 1283 nostro
605 1254 790 1283 transmissas
802 1254 950 1289 sepissime
961 1256 1078 1282 ostensa
1089 1257 1134 1282 est
1145 1253 1252 1282 ficticia
1263 1257 1293 1282 et
1303 1254 1439 1289 similata,
1452 1254 1495 1283 ita
1506 1254 1585 1289 quod
1597 1263 1656 1283 non
1667 1254 1706 1282 sit
1716 1253 1842 1288 amplius

494 1310 567 1336 opus
581 1310 641 1328 rem
656 1303 765 1328 certam
780 1300 933 1328 cerciorem
947 1300 1058 1328 efficere
1071 1299 1109 1328 ad
1123 1299 1287 1328 vanitatem
1301 1309 1454 1328 causarum
1469 1309 1524 1335 que
1539 1309 1572 1328 ex
1586 1299 1658 1328 serie
1671 1299 1777 1335 prefati
1791 1308 1842 1334 ap-

494 1345 661 1382 pellacionis
676 1345 800 1374 deducte
816 1348 885 1374 sunt
900 1345 1076 1374 veniendum
1092 1348 1136 1374 est
1151 1348 1180 1374 et
1196 1345 1289 1381 primo
1304 1345 1373 1381 quia
1387 1345 1484 1374 dictus
1499 1345 1642 1374 Ricardus
1656 1345 1796 1374 inuehens
1811 1344 1841 1373 in

493 1392 606 1420 litteras
626 1391 718 1427 regias
736 1391 917 1427 procuratori
934 1401 986 1419 suo
1005 1391 1129 1420 directas
1147 1391 1176 1419 in
1194 1391 1300 1426 quibus
1318 1394 1414 1420 certus
1434 1391 1575 1419 terminus
1593 1391 1619 1419 ei
1637 1390 1786 1427 prefigitur
1804 1390 1842 1419 ad

494 1437 670 1466 veniendum
682 1437 711 1465 in
722 1437 857 1472 Angliam
868 1446 985 1466 causam
998 1446 1054 1472 que
1067 1436 1175 1472 pendet
1186 1436 1262 1465 inter
1275 1436 1370 1472 ipsum
1380 1440 1410 1465 et
1423 1437 1603 1465 Mercatores
1613 1436 1734 1472 Stapule
1746 1445 1843 1472 prose-

495 1487 598 1512 cuturo
612 1483 728 1512 easdem
743 1483 855 1511 litteras
870 1482 905 1511 de
920 1485 1017 1511 mente
1033 1482 1152 1511 Domini
1167 1482 1254 1517 Regis
1268 1492 1327 1511 non
1342 1482 1512 1518 processisse
1526 1482 1576 1511 sed
1597 1492 1649 1518 per
1663 1482 1843 1511 circumuen-

495 1529 606 1557 cionem
620 1532 649 1558 et
664 1529 938 1564 preoccupacionem
951 1538 1004 1557 sua
1014 1528 1167 1557 maiestate
1181 1528 1244 1557 aliis
1257 1528 1354 1557 arduis
1367 1532 1511 1564 occupata
1524 1528 1590 1557 dolo
1604 1528 1749 1557 dictorum
1764 1529 1843 1556 Mer-

495 1578 627 1603 catorum
638 1578 767 1603 extortas
777 1584 837 1603 esse
848 1574 975 1603 affirmat
986 1584 1037 1610 pro
1048 1584 1081 1603 eo
1092 1577 1122 1603 et
1132 1584 1166 1602 ex
1176 1584 1210 1603 eo
1221 1574 1299 1609 quod
1309 1574 1339 1602 in
1350 1574 1457 1603 eisdem
1468 1574 1572 1603 litteris
1584 1574 1750 1603 continetur
1763 1573 1842 1609 quod

495 1621 590 1649 dictus
601 1620 743 1649 Ricardus
753 1620 865 1649 rebellis
876 1620 1003 1649 Domino
1014 1620 1086 1655 Regi
1096 1619 1225 1648 extiterit
1236 1629 1301 1648 cum
1311 1620 1396 1648 sicuti
1406 1620 1478 1648 dicit
1487 1620 1530 1648 ita
1540 1630 1598 1649 non
1607 1619 1695 1648 106111
1705 1620 1842 1654 quodque

495 1666 524 1694 in
540 1666 579 1694 eis
595 1676 682 1695 causa
697 1666 795 1701 aliqua
810 1666 917 1694 dicitur
932 1665 1056 1701 pendere
1070 1665 1198 1694 indecisa
1213 1665 1288 1694 inter
1302 1665 1398 1701 ipsum
1413 1668 1443 1694 et
1458 1665 1552 1694 dictos
1568 1666 1748 1694 Mercatores
1763 1664 1842 1700 quod

495 1712 565 1740 dicit
581 1721 682 1740 verum
699 1721 757 1740 non
773 1721 833 1740 esse
850 1721 915 1740 cum
931 1711 989 1740 iam
1005 1711 1117 1747 pridem
1134 1714 1236 1740 contra
1250 1711 1328 1747 ipsos
1344 1711 1388 1739 sin
1403 1714 1503 1740 autem
1519 1721 1605 1746 super
1620 1711 1703 1739 bonis
1718 1711 1777 1739 suis
1792 1720 1843 1746 per

495 1757 572 1793 ipsos
585 1757 639 1785 sibi
653 1757 784 1793 spoliatis
797 1767 883 1792 super
896 1757 1002 1792 quibus
1015 1757 1115 1785 multis
1128 1756 1211 1786 annis
1225 1757 1338 1792 questio
1352 1757 1427 1785 inter
1440 1757 1517 1792 ipsos
1530 1757 1587 1785 fuit
1600 1760 1634 1786 vt
1647 1757 1718 1785 dicit
1731 1757 1843 1792 agitata

496 1803 588 1839 primo
608 1803 636 1831 111
656 1803 760 1838 Anglia
779 1803 883 1831 deinde
902 1803 931 1831 in
950 1803 973 1830 F
975 1802 1087 1831 lanclria
1106 1805 1136 1831 et
1155 1802 1343 1838 postmodum
1362 1802 1392 1830 in
1411 1803 1543 1838 Francia,
1563 1802 1668 1831 deinde
1687 1803 1793 1831 iterato
1812 1802 1842 1830 in

495 1849 600 1884 Anglia
614 1852 643 1877 et
659 1852 805 1884 postremo
820 1848 849 1877 in
865 1848 987 1877 Francia
1002 1851 1031 1877 et
1046 1848 1166 1877 tandem
1181 1851 1299 1883 propter
1314 1848 1426 1876 iusticie
1441 1848 1666 1883 denegacionem
1681 1848 1842 1877 5006655106

495 1894 524 1923 in
541 1894 649 1922 eisdem
667 1894 799 1929 partibus
815 1894 870 1922 sibi
886 1894 996 1922 factam
1012 1894 1042 1922 in
1060 1893 1149 1922 Curia
1166 1894 1300 1922 Romana
1317 1893 1456 1922 deuoluta
1473 1894 1602 1922 obtinuit
1619 1893 1842 1922 declaratoriam

496 1950 551 1975 que
572 1940 652 1968 nulla
671 1940 879 1975 prouocacione
895 1949 1034 1974 suspensa
1050 1939 1079 1967 in
1094 1949 1155 1967 rem
1171 1939 1308 1968 transiuit
1323 1939 1492 1968 iudicatam.
1528 1939 1574 1968 Ad
1591 1940 1669 1968 hunc
1685 1940 1842 1968 articulum

496 1986 538 2014 ita
550 1985 741 2021 respondetur
754 1995 811 2020 quo
824 1985 862 2014 ad
875 1988 976 2014 notam
989 1985 1151 2014 rebellionis
1164 1985 1271 2013 attinet
1285 1985 1415 2020 prefatus
1428 1985 1572 2014 Ricardus
1585 1986 1669 2021 longe
1682 1988 1842 2021 antequam

496 2031 572 2060 dicte
585 2032 680 2060 littere
693 2031 768 2066 regie
780 2034 954 2060 emanarunt
966 2041 1030 2059 eam
1042 2031 1208 2060 incurrebat
1220 2041 1279 2060 non
1291 2031 1521 2066 obtemperando
1533 2031 1587 2067 legi
1601 2041 1658 2066 que
1669 2031 1699 2060 in
1712 2041 1779 2061 eum
1791 2041 1843 2067 per

496 2080 554 2106 tres
571 2080 667 2106 status
685 2077 764 2112 regni
781 2077 811 2105 in
829 2077 1024 2106 Parliamento
1042 2077 1103 2105 lata
1120 2076 1177 2105 fuit
1194 2079 1227 2105 vt
1245 2076 1380 2105 videlicet
1397 2077 1550 2106 desisteret
1567 2080 1649 2106 extra
1666 2086 1787 2113 regnum
1804 2077 1843 2106 ab

495 2123 630 2152 omnibus
651 2123 816 2152 accionibus
836 2125 866 2151 et
886 2122 1139 2158 prosecuciom'bus
1159 2122 1429 2151 determinabilibus
1446 2122 1476 2150 in
1494 2122 1593 2158 aliqua
1613 2123 1702 2152 Curia
1723 2123 1843 2152 Domini

497 2169 583 2204 Regis
597 2178 670 2204 quas
684 2168 774 2197 habet
787 2171 841 2197 aut
858 2168 963 2197 habere
981 2170 1079 2204 potest
1097 2171 1199 2197 contra
1217 2168 1361 2196 Maiorem
1375 2171 1405 2197 et
1424 2169 1604 2197 Mercatores
1623 2168 1743 2204 Stapule
1761 2171 1843 2198 ante-

496 2214 573 2243 dicte
586 2214 641 2242 sub
660 2224 734 2250 pena
748 2216 782 2242 vt
800 2213 1011 2243 contrafaciens
1029 2216 1156 2249 ponatur
1170 2216 1251 2242 extra
1269 2213 1482 2249 proteccionem
1501 2214 1621 2243 Domini
1639 2214 1726 2250 Regis
1741 2217 1771 2243 et
1788 2214 1843 2243 sub

496 2260 559 2289 aliis
571 2260 709 2295 grauibus
721 2259 802 2295 penis
814 2259 843 2288 in
855 2260 932 2288 Actu
945 2259 1133 2288 Parliamenti
1145 2259 1268 2295 desuper
1280 2259 1354 2288 tenti
1367 2259 1480 2295 plenius
1492 2259 1672 2295 expressatis.
1705 2260 1751 2288 Ad
1763 2259 1843 2289 aliud

497 2305 575 2341 quod
593 2305 664 2334 dicit
681 2306 717 2334 de
734 2314 822 2334 causa
839 2315 897 2334 non
915 2305 1060 2340 pendente
1076 2308 1121 2334 set
1138 2304 1234 2334 decisa
1251 2314 1301 2340 per
1318 2305 1497 2334 sentenciam
1514 2305 1736 2334 declaratoriam
1753 2315 1842 2341 quam

496 2350 625 2380 obtinuit
641 2351 671 2379 in
687 2350 777 2380 Curia
793 2351 928 2380 Romana
943 2350 981 2379 ad
997 2360 1086 2385 quam
1102 2350 1223 2379 Curiam
1238 2350 1310 2379 dicit
1325 2350 1413 2379 fuisse
1428 2351 1522 2386 ipsam
1539 2360 1657 2380 causam
1673 2351 1843 2380 deuolutam

497 2400 616 2433 propter
628 2396 851 2432 denegacionem
865 2396 977 2425 iusticie
990 2395 1045 2424 sibi
1058 2396 1136 2425 facte
1148 2396 1218 2425 bina
1230 2396 1293 2425 vice
1306 2396 1335 2424 in
1348 2396 1453 2432 Anglia
1466 2399 1496 2425 et
1509 2396 1619 2426 tociens
1631 2396 1661 2425 in
1674 2396 1797 2426 Francia
1809 2406 1844 2426 ac
