2112 2901
521 170 568 206 93
802 181 923 206 CASEs
950 180 1109 206 BEFORE
1137 181 1217 206 THE
1245 181 1383 207 KING’s
1410 182 1586 208 COUNcn,

522 262 588 289 tem
607 258 743 289 facimus
761 258 1016 297 reportacionem
1034 258 1185 290 videlicet
1202 259 1290 298 quod
1308 259 1486 291 Willelmus
1504 260 1657 298 Loueney
1673 260 1865 293 duodecimo

521 307 573 338 die
595 308 679 338 Iunii
703 308 828 345 [ultimo
851 308 1005 346 preterito
1026 308 1173 346 vocatus]
1196 309 1406 347 personaliter
1428 309 1630 348 comparauit
1652 314 1685 341 et
1707 310 1746 341 de
1767 311 1865 342 modo

523 357 786 396 [per]quisicionis
800 357 867 389 siue
881 357 1121 396 impetracionis
1134 358 1299 389 literarum
1314 358 1499 397 patencium
1514 359 1636 390 domini
1651 359 1747 398 Regis
1761 360 1865 391 eidem

521 407 681 438 Willelmo
705 432 711 438 .
737 432 743 438 .
770 432 776 438 .
802 407 973 445 [factarum
985 418 1070 439 anno
1083 407 1181 446 rngni
1194 408 1315 439 domini
1329 408 1425 447 Regis
1436 419 1522 440 nunc
1534 409 1659 440 decimo
1671 409 1710 440 de
1722 410 1866 441 manerio

521 456 561 487 de
586 457 852 495 Bobbyngworth
876 467 1017 488 unacum
1042 457 1259 489 advocacione
1283 458 1413 489 ecclesie
1437 458 1476 488 de
1501 458 1767 497 Bobbyngworth
1791 484 1798 490 .
1824 484 1830 490 .
1857 484 1863 490 .

521 506 600 537 alios
616 506 745 537 nomine
760 517 818 538 suo
834 507 959 538 obtent'
974 507 1041 538 siue
1057 508 1218 546 persequt'
1234 507 1437 539 examinatus
1455 508 1627 546 respondet
1643 508 1697 539 sic.
1738 509 1830 546 Sires,
1849 509 1864 540 Ι

520 556 616 587 made
638 566 681 587 no
703 556 848 594 pursuite
871 556 920 587 for
943 557 1016 588 that
1039 561 1173 595 patente
1197 582 1203 588 .
1229 581 1235 588 .
1261 582 1267 588 .
1292 561 1410 589 ement.
1454 557 1528 588 And
1552 558 1567 588 Ι
1591 561 1690 589 trowe
1712 557 1786 590 that
1809 558 1865 590 the

521 605 610 644 kyng
625 606 726 637 wolde
740 610 799 637 not
814 606 897 637 haue
912 606 993 637 bede
1008 617 1059 637 me
1075 606 1138 637 and
1155 606 1290 645 charged
1307 617 1358 638 me
1374 611 1408 638 to
1423 607 1506 638 haue
1521 607 1665 646 pursuyd
1681 607 1707 639 it
1722 607 1801 639 bute
1815 608 1865 640 hit

521 655 628 686 hadde
652 680 658 686 .
684 680 690 686 .
716 680 722 686 .
747 656 922 687 resonable.
963 656 1036 687 And
1055 656 1155 694 there,
1174 656 1267 694 Sires,
1285 657 1300 687 Ι
1319 667 1401 695 pray
1417 667 1489 695 yow
1505 657 1530 687 if
1547 657 1596 688 hit
1614 657 1738 688 semeth
1756 661 1791 689 to
1809 658 1865 689 the

522 704 610 743 kyng
630 705 693 736 and
715 705 764 737 his
784 705 858 736 wise
879 706 1062 737 Counsaille
1083 706 1157 738 that
1177 706 1233 737 the
1252 710 1386 744 patente
1407 706 1447 737 be
1466 706 1593 738 laweful
1614 707 1677 738 and
1698 707 1865 738 resonable

522 755 596 786 that
610 755 665 786 the
679 759 813 794 patente
827 766 904 794 may
917 756 1033 787 stonde
1047 756 1079 786 in
1093 756 1268 795 strengthe.
1305 756 1378 786 And
1393 756 1417 786 if
1430 756 1456 787 it
1470 756 1594 788 semeth
1609 761 1644 788 to
1658 757 1713 788 the
1727 757 1815 795 kyng
1829 767 1865 788 or

521 808 556 836 to
576 805 626 835 his
646 805 720 836 wise
741 805 922 837 Counseille
942 805 1016 837 that
1037 806 1092 837 the
1112 809 1246 844 patente
1267 806 1306 836 be
1326 805 1498 837 unlaweful
1519 806 1583 837 and
1604 806 1825 844 unresonable,
1849 807 1864 837 I

521 854 623 885 wolde
641 865 676 886 as
693 855 802 893 gladly
819 855 889 886 leve
906 855 932 886 it
950 855 1013 886 and
1032 855 1073 886 all
1092 855 1147 887 the
1164 856 1302 887 benefite
1320 856 1392 887 ther
1409 855 1443 887 of
1459 866 1494 886 as
1511 866 1604 886 euere
1622 857 1637 886 Ι
1656 867 1721 887 was
1738 856 1811 895 glad
1829 860 1865 887 to

521 904 597 936 take
614 904 650 935 it.
690 905 733 936 Et
751 904 942 943 Heliningus
959 905 1059 943 Legat,
1076 909 1189 943 postea
1205 905 1355 936 videlicet
1372 905 1563 936 duodecimo
1580 905 1630 936 die
1648 905 1732 936 Iunii
1749 905 1865 937 ultimo

521 954 676 992 preterito
687 958 782 985 vocat
788 965 824 985 us
835 958 867 985 et
879 965 974 992 super
986 954 1147 993 premissis
1159 955 1308 985 omnibus
1319 959 1351 985 et
1363 954 1495 993 singulis
1506 954 1651 986 similiter
1662 955 1866 987 examinatus

520 1004 693 1042 respondet
709 1007 742 1035 et
758 1004 837 1035 dicit
852 1004 884 1034 in
901 1004 1051 1035 omnibus
1067 1008 1163 1042 prout
1179 1004 1343 1042 predictus
1358 1004 1536 1035 Willelmus
1552 1005 1704 1043 Loueney
1719 1005 1866 1043 superius

521 1053 611 1084 dixit.
657 1054 701 1084 Et
723 1053 858 1085 ulterius
880 1053 958 1085 dicit
981 1054 1066 1084 idem
1089 1054 1280 1093 Helmingus
1301 1054 1388 1092 quod
1412 1058 1586 1093 postquam
1609 1054 1751 1093 predicte
1774 1054 1865 1086 litere

520 1107 671 1141 patentes
684 1103 769 1134 facte
783 1103 914 1135 fuerunt
928 1103 1054 1142 prefato
1067 1103 1226 1135 Willelmo
1240 1104 1392 1142 Loueney
1405 1108 1437 1135 et
1451 1104 1521 1142 sibi,
1536 1104 1603 1142 ipse
1617 1104 1657 1135 ad
1671 1104 1864 1135 instanciam

521 1156 554 1184 et
582 1153 853 1191 supplicacionem
879 1153 1033 1184 Iohannis
1057 1153 1189 1184 Asshele
1203 1155 1222 1172 ¹¹
1248 1153 1401 1185 Chiualer
1425 1153 1581 1185 relaxauit
1606 1158 1714 1185 totum
1740 1158 1864 1185 statum

521 1213 615 1233 suum
634 1213 731 1241 quem
750 1203 817 1241 ipse
836 1207 985 1241 pretextu
1005 1203 1165 1234 dictarum
1185 1203 1350 1235 literarum
1370 1203 1466 1242 Regis
1487 1203 1672 1242 patencium
1693 1203 1809 1235 habuit
1831 1203 1864 1234 in

520 1252 640 1283 eisdem
656 1253 784 1284 cuidam
800 1253 937 1284 Iohanni
953 1253 1101 1284 Habhale
1116 1253 1172 1284 uni
1186 1253 1386 1284 valectorum
1401 1253 1537 1292 predicti
1552 1253 1706 1284 Iohannis
1717 1253 1863 1297 ¹Asshele‚

520 1306 581 1334 etc.
619 1303 662 1333 Et
677 1302 855 1333 Willelmus
869 1302 1059 1334 Wodeward
1075 1307 1108 1334 et
1122 1303 1229 1341 Agnes
1243 1313 1322 1334 uxor
1336 1303 1406 1341 ejus
1421 1303 1567 1334 similiter
1581 1303 1689 1334 vocati
1704 1307 1864 1335 venerunt

522 1352 753 1390 [personaliter]
774 1352 1019 1391 quartodecimo
1039 1352 1090 1383 die
1111 1353 1196 1383 Iunii
1216 1353 1332 1384 ultimo
1352 1353 1516 1391 preterito,
1536 1356 1569 1384 et
1589 1352 1703 1384 dicunt
1722 1353 1809 1392 quod
1830 1353 1862 1383 in

521 1402 735 1440 parliamento
758 1402 880 1433 domini
902 1402 998 1441 Regis
1015 1403 1110 1433 Anno
1128 1403 1215 1441 regni
1234 1413 1292 1433 suo
1310 1402 1413 1440 primo
1432 1402 1518 1440 apud
1539 1402 1863 1433 Westmonasterium

520 1451 609 1483 edito
628 1451 814 1483 ordinatum
833 1452 895 1483 fuit
914 1455 947 1483 et
966 1452 1147 1483 stabilitum
1166 1452 1253 1491 quod
1271 1452 1335 1490 [illi]
1352 1452 1407 1490 qui
1423 1455 1541 1483 extunc
1557 1455 1705 1490 peterent
1721 1452 1760 1482 de
1776 1453 1864 1491 Rege

520 1505 622 1533 terras
642 1505 828 1532 tenementa
848 1501 993 1533 redditus
1013 1502 1117 1533 officia
1136 1502 1322 1533 annuit-ates
1342 1512 1397 1532 seu
1417 1501 1480 1532 alia
1499 1502 1642 1540 proficua
1661 1512 1865 1541 quecumque

519 1551 663 1582 facerent
676 1561 858 1590 expressam
871 1551 1071 1582 mencionem
1085 1552 1117 1582 in
1131 1551 1345 1590 peticionibus
1358 1551 1423 1582 suis
1436 1551 1475 1582 de
1489 1551 1597 1582 valore
1610 1551 1654 1582 rei
1668 1551 1711 1582 sic
1725 1551 1864 1590 petende

520 1605 553 1632 et
565 1601 667 1632 eciam
680 1601 719 1631 de
732 1601 819 1632 omni
832 1611 869 1632 eo
882 1601 969 1640 quod
982 1601 1043 1640 ipsi
1055 1606 1153 1633 antea
1165 1601 1349 1632 habuerunt
1362 1601 1401 1632 de
1414 1601 1499 1632 dono
1512 1601 1608 1639 Regis
1621 1601 1863 1640 progenitorum

520 1651 587 1682 siue
604 1651 864 1689 predecessorum
881 1661 1022 1689 suorum,
1040 1655 1073 1682 et
1089 1651 1121 1681 in
1139 1662 1214 1682 casu
1231 1662 1296 1690 quo
1312 1651 1373 1689 ipsi
1388 1661 1453 1682 non
1471 1651 1613 1682 facerent
1630 1651 1729 1682 talem
1745 1650 1864 1682 menci-

520 1711 614 1732 onem
630 1701 661 1731 in
678 1700 892 1739 peticionibus
907 1701 972 1731 suis
987 1701 1140 1739 predictis
1155 1705 1188 1732 et
1203 1701 1263 1732 hoc
1278 1701 1386 1732 debite
1402 1701 1540 1739 probato
1555 1704 1661 1732 essent
1677 1701 1757 1732 tales
1773 1700 1864 1732 litere

521 1750 618 1789 Regis
632 1754 783 1789 patentes
798 1750 873 1781 inde
888 1750 974 1781 facte
988 1751 1121 1781 minime
1135 1750 1282 1782 valentes
1300 1761 1357 1781 nec
1374 1751 1508 1781 alicuius
1523 1750 1641 1789 vigoris
1657 1750 1708 1781 vel
1728 1751 1864 1782 effectus

520 1804 569 1831 set
593 1800 633 1831 de
657 1804 729 1831 toto
753 1804 982 1831 reuocarentur
1005 1804 1038 1832 et
1062 1800 1306 1831 adnullarentur
1330 1811 1388 1838 pro
1413 1800 1500 1831 omni
1525 1804 1670 1838 tempore
1694 1800 1805 1832 futuro
1829 1800 1862 1831 in

520 1849 725 1888 punicionem
738 1849 866 1881 illorum
879 1850 935 1888 qui
948 1850 995 1881 ita
1008 1849 1154 1881 fecerunt
1164 1850 1196 1880 in
1208 1849 1433 1888 decepcionem
1448 1850 1544 1888 Regis
1558 1853 1715 1888 tanquam
1732 1849 1793 1880 illis
1806 1849 1862 1888 qui

519 1909 584 1930 non
602 1903 679 1930 sunt
696 1899 783 1938 digni
801 1899 939 1937 gaudere
956 1900 1074 1930 effectu
1089 1903 1122 1931 et
1140 1899 1294 1930 beneficio
1310 1899 1474 1930 literarum
1491 1899 1677 1937 patencium
1693 1899 1738 1930 eis
1752 1899 1784 1929 in
1801 1899 1862 1930 hac

520 1952 613 1987 parte
637 1959 859 1980 concessarum
884 1953 981 1987 prout
1005 1949 1036 1979 in
1062 1953 1189 1980 statuto
1213 1948 1380 1987 p[redicto]
1405 1949 1530 1987 plenius
1555 1949 1773 1980 continetur.¹²
1818 1949 1862 1981 Et

520 1999 633 2030 dicunt
647 1998 734 2037 quod
748 1998 912 2037 predictus
926 1998 1103 2030 Willelmus
1117 1999 1269 2038 Loueney
1282 1999 1397 2030 habuit
1411 1998 1450 2029 de
1465 1999 1550 2029 dono
1564 1998 1686 2029 domini
1700 1998 1797 2037 Regis
1811 1999 1863 2030 die

520 2048 732 2080 confeccionis
746 2048 906 2080 dictarum
920 2048 1085 2079 literarum
1101 2049 1197 2087 Regis
1210 2048 1395 2087 patencium
1410 2048 1469 2079 sibi
1484 2052 1516 2079 et
1530 2048 1675 2086 predicto
1690 2048 1863 2087 Helmingo

519 2098 680 2129 factarum
697 2098 727 2128 xl
743 2108 868 2129 marcas
884 2098 1053 2130 annuatim
1069 2098 1290 2137 percipiendas
1306 2098 1346 2129 de
1362 2099 1454 2129 firma
1470 2098 1544 2129 ville
1560 2098 1600 2128 de
1616 2099 1807 2136 Kyngeston
1824 2108 1862 2129 ac

520 2158 619 2178 unam
648 2158 791 2179 marcam
819 2148 988 2179 annuatim
1014 2148 1255 2186 percipiendam
1280 2148 1319 2178 de
1344 2148 1466 2179 ducatu
1494 2148 1660 2179 Lancastr'
1690 2152 1723 2179 et
1750 2148 1861 2179 decem

519 2207 644 2228 marcas
658 2197 827 2229 annuatim
841 2198 1062 2236 percipiendas
1076 2198 1115 2228 de
1129 2198 1308 2229 Hundredo
1322 2197 1361 2228 de
1374 2197 1497 2229 Holton
1512 2197 1543 2227 in
1558 2197 1727 2229 Comitatu
1743 2198 1775 2228 N
1778 2197 1861 2228 orff.⁷

519 2247 564 2279 Et
579 2247 665 2286 quod
682 2247 846 2286 predictus
862 2247 1052 2286 Helmingus
1067 2247 1213 2279 similiter
1226 2247 1341 2278 habuit
1357 2247 1445 2278 dicto
1461 2247 1512 2278 die
1528 2247 1739 2278 confeccionis
1754 2247 1861 2278 litera-

519 2307 591 2328 rum
612 2297 708 2335 Regis
728 2297 914 2335 patencium
932 2297 1192 2336 supradictarum
1212 2297 1252 2328 de
1271 2297 1356 2328 dono
1375 2297 1497 2328 domini
1516 2297 1612 2335 Regis
1630 2296 1746 2335 viginti
1764 2296 1862 2328 libras

519 2346 689 2378 annuatim
698 2349 718 2366 ¹³
731 2347 771 2377 ad
787 2347 965 2385 Receptam
979 2347 1135 2378 Scaccarii
1149 2347 1370 2385 percipiendas
1393 2371 1399 2377 .
1422 2371 1429 2377 .
1453 2371 1458 2377 .
1481 2346 1651 2377 annuatim
1665 2346 1860 2385 percipiend’
