2112 2901
510 164 557 199 24
790 173 911 199 CAsns
937 172 1096 198 BEFORE
1124 172 1203 197 THE
1231 172 1368 198 KING’s
1396 172 1572 198 COUNCIL

510 252 607 283 Ebor’
636 252 721 282 idem
749 252 910 282 Walterus
938 251 1080 282 ostendit
1107 251 1271 289 quoddam
1301 250 1464 288 publicum
1493 251 1750 281 Instrumentum
1778 259 1849 280 eam

510 302 685 333 testificans
702 301 733 331 in
750 301 807 332 hec
824 301 936 332 verba:

332 349 420 402 ¹⁰3⁰*
627 352 664 382 In
672 351 799 382 nomine
806 350 937 382 Domini
949 361 1052 388 amen,
1060 360 1144 381 anno
1151 349 1292 381 eiusdem
1299 350 1340 380 ab
1346 349 1567 380 incarnacione
1574 348 1683 379 MCC
1689 348 1849 386 XCVII,

331 389 352 402 m
396 388 435 403 um
572 400 751 432 Indictione
779 401 957 438 undecima,
984 400 1035 431 die
1061 400 1148 439 xviij.
1174 399 1292 430 mensis
1319 399 1513 430 Nouembris
1542 398 1731 429 venerabilis
1758 400 1852 436 pater

572 450 720 482 dominus
735 451 788 489 H.,
805 450 866 481 Dei
881 450 987 489 gracia
1001 450 1131 481 Electus
1146 450 1254 487 Ebor’,
1270 453 1302 480 et
1317 449 1482 480 reuerendi
1496 448 1555 479 viri
1571 448 1721 487 Magistri
1735 448 1850 478 Petrus

571 501 610 531 de
628 501 727 538 Ros,³¹
741 501 914 531 Precentor
926 500 1054 531 ecclesie
1070 500 1178 538 Ebor',
1196 510 1232 530 ac
1250 496 1392 530 Thomas
1410 499 1449 530 de
1465 498 1666 537 Corbrigg’,³²
1680 497 1851 528 canonicus

571 550 723 588 eiusdem,
746 550 832 588 apud
854 550 975 581 Wilton
996 550 1028 580 in
1050 550 1188 580 Camera
1209 549 1286 580 dicti
1308 549 1418 587 patris,
1441 559 1492 579 me
1513 548 1639 579 notario
1660 551 1692 578 et
1713 547 1851 578 testibus

571 600 782 638 infrascriptis
801 603 879 631 tunc
898 599 1110 638 presentibus,
1130 599 1366 638 presencialiter
1385 597 1524 635 constiti,
1545 597 1709 636 quandam
1729 600 1850 635 protes-

572 650 731 681 tacionem
755 650 884 681 nomine
907 660 964 681 suo
989 660 1025 680 ac
1050 649 1173 680 Decani
1197 652 1230 680 et
1253 648 1397 687 Capituli
1421 648 1520 686 ipsius
1544 647 1641 678 Ebor'
1666 646 1794 678 ecclesie
1817 646 1850 677 in

571 700 697 738 scriptis
718 700 980 738 interposuerunt
1001 699 1061 730 sub
1083 699 1142 730 hac
1165 699 1278 730 forma.
1323 699 1361 729 In
1384 698 1445 729 Dei
1467 697 1596 728 nomine
1617 707 1721 728 amen.
1766 696 1850 727 Cum

570 749 790 781 sanctissimus
824 750 856 780 in
891 749 1021 780 Christo
1055 753 1148 787 pater
1181 749 1329 780 dominus
1363 747 1549 779 Bonifacius
1582 748 1672 785 Papa
1706 746 1851 778 Octauus

572 800 749 831 Iohannem
771 800 810 830 de
831 800 1023 838 Calumpna,
1046 799 1246 830 Canonicum
1268 802 1301 830 et
1321 797 1570 829 Thesaurarium
1591 796 1719 828 ecclesie
1740 795 1849 833 Ebor',

571 849 784 881 Thesauraria
798 850 912 880 eadem
927 860 963 880 ac
979 849 1230 886 canonicatibus,
1246 848 1425 887 prebendis,
1439 847 1660 885 dignitatibus,
1673 845 1850 885 personati-

570 899 630 930 bus
644 903 676 930 et
690 899 759 930 aliis
772 899 932 931 beneficiis
946 899 1174 936 ecclesiasticis,
1191 909 1263 929 cum
1278 908 1354 929 cura
1367 898 1417 928 vel
1431 897 1497 928 sine
1511 907 1596 934 cura,
1612 907 1674 935 que
1687 896 1719 926 in
1733 895 1851 934 quibus

570 950 619 980 ius
641 950 784 980 habebat
806 949 953 987 ecclesiis,
977 949 1163 987 Apostolica
1186 948 1372 986 priuauerat
1394 947 1598 984 auctoritate,
1623 957 1659 977 ac
1683 945 1850 977 canonica-

570 1003 641 1030 tum
664 999 860 1038 prebendam
883 1002 915 1029 et
938 998 1171 1030 thesaurariam
1194 998 1335 1029 eiusdem
1359 997 1456 1028 Ebor’
1480 996 1608 1027 ecclesie
1630 996 1673 1027 sic
1697 998 1850 1026 vacantes

570 1059 642 1080 cum
664 1049 862 1087 plenitudine
882 1048 958 1079 iuris
979 1048 1123 1079 canonici
1143 1059 1179 1079 ac
1200 1048 1349 1079 omnibus
1369 1047 1490 1078 iuribus
1510 1050 1543 1077 et
1563 1044 1766 1084 pertinenciis
1786 1044 1852 1076 suis

569 1095 766 1137 Theobaldo,
784 1099 947 1130 Germano
967 1098 1082 1129 nobilis
1100 1098 1160 1129 viri
1179 1098 1316 1129 Comitis
1334 1096 1511 1133 Bariducis,
1528 1097 1640 1127 eadem
1656 1094 1851 1126 auctoritate

570 1149 751 1180 contulerat
772 1152 871 1187 atque
892 1148 1078 1187 prouiderat
1099 1149 1138 1179 de
1159 1148 1214 1179 ill'o
1235 1147 1397 1186 preposito
1418 1146 1615 1177 Lausanensi
1636 1149 1669 1176 et
1690 1144 1851 1183 Magistro

570 1199 739 1230 Octobono
755 1199 794 1229 de
808 1198 984 1235 Placencia,
998 1198 1178 1229 litterarum
1195 1197 1469 1229 contradictarum
1485 1196 1666 1234 auditore,³3
1685 1194 1850 1226 Canonico

570 1249 712 1280 Suesion'
727 1248 941 1285 ecclesiarum,
956 1259 992 1279 ac
1007 1248 1141 1279 Officiali
1155 1248 1243 1279 Linc’
1257 1246 1479 1278 executoribus
1493 1256 1549 1284 per
1561 1246 1685 1276 litteras
1698 1244 1850 1283 speciales

569 1309 664 1337 super
678 1298 737 1329 hoc
752 1298 846 1329 datas
860 1298 1018 1336 dictisque
1033 1298 1194 1336 preposito
1209 1301 1242 1328 et
1256 1297 1416 1335 Magistro
1431 1296 1600 1327 Octobono
1614 1295 1679 1326 suis
1693 1293 1851 1333 separatis

570 1348 769 1387 processibus
786 1348 1033 1386 Archiepiscopo
1051 1352 1084 1379 et
1102 1347 1337 1379 venerabilibus
1356 1357 1391 1377 ac
1410 1346 1554 1377 discretis
1572 1345 1648 1376 viris
1666 1345 1798 1375 Decano
1816 1346 1850 1374 et

570 1398 722 1436 Capitulo
740 1408 776 1429 ac
793 1398 924 1436 singulis
942 1398 1101 1429 canonicis
1119 1398 1216 1429 Ebor'
1234 1397 1429 1435 ubicumque
1446 1395 1631 1427 constitutis
1648 1395 1707 1426 sub
1724 1393 1850 1432 magnis

569 1448 875 1479 comminacionibus
889 1451 923 1478 et
938 1448 1026 1486 penis
1041 1447 1220 1479 districcius
1234 1447 1387 1478 dantibus
1402 1446 1434 1476 in
1448 1445 1612 1476 mandatis
1626 1448 1663 1475 ut
1677 1444 1738 1482 ipsi
1752 1446 1850 1482 prout

568 1498 609 1529 ad
630 1508 683 1529 eos
703 1502 735 1529 et
755 1508 865 1529 eorum
886 1498 1062 1536 quemlibet
1082 1497 1295 1529 communiter
1314 1496 1365 1527 vel
1385 1495 1513 1527 diuisim
1534 1495 1673 1533 pertinet
1692 1493 1776 1524 infra
1795 1504 1850 1524 sex

568 1548 644 1586 dies,
664 1558 801 1586 quorum
820 1548 900 1578 duos
919 1558 976 1586 pro
995 1548 1108 1586 primo,
1127 1548 1207 1578 duos
1226 1557 1283 1585 pro
1301 1546 1450 1583 secundo,
1470 1549 1503 1576 et
1522 1545 1663 1576 residuos
1681 1544 1762 1575 duos
1780 1543 1850 1574 uni-

568 1598 667 1629 uersis
680 1601 712 1628 et
723 1598 854 1636 singulis
868 1608 925 1635 pro
936 1597 1034 1629 tercio
1046 1601 1078 1629 et
1089 1597 1304 1636 peremptorio
1318 1596 1455 1628 termino
1467 1595 1680 1633 assignarunt,
1693 1593 1849 1632 recipiant

568 1648 705 1678 eundem
721 1647 888 1678 dominum
905 1647 1138 1686 Theobaldum,
1156 1648 1206 1678 vel
1223 1650 1462 1685 procuratorem
1479 1655 1572 1676 suum
1589 1644 1656 1675 eius
1671 1643 1800 1675 nomine
1815 1643 1848 1673 in

568 1708 661 1728 suum
682 1701 715 1728 et
735 1697 820 1728 dicte
841 1697 937 1728 Ebor’
959 1698 1087 1729 ecclesie
1108 1697 1307 1734 canonicum,
1329 1695 1564 1727 thesaurarium
1585 1698 1684 1733 atque
1703 1694 1847 1731 fratrem,

567 1747 659 1786 eique
682 1747 732 1778 vel
755 1747 954 1785 procuratori
976 1758 1034 1779 suo
1056 1747 1123 1778 eius
1145 1747 1282 1785 nomine,
1307 1746 1437 1777 stallum
1459 1745 1491 1775 in
1515 1745 1610 1775 choro
1632 1747 1666 1775 et
1688 1743 1792 1774 locum
1815 1742 1847 1773 in

568 1797 709 1835 capitulo
727 1797 810 1828 sicut
828 1797 980 1828 canonico
998 1801 1031 1828 et
1049 1797 1247 1828 thesaurario
1266 1796 1437 1834 assignent,
1457 1806 1493 1825 ac
1511 1795 1543 1825 in
1562 1794 1758 1832 corporalem
1776 1803 1848 1831 pos-

567 1847 739 1878 sessionem
757 1847 974 1885 canonicatus,
993 1847 1153 1885 prebende
1170 1850 1203 1878 et
1220 1846 1416 1877 thesaurarie
1434 1845 1661 1883 predictorum,
1679 1843 1796 1873 iurium
1814 1845 1848 1873 et

568 1896 837 1935 pertinenciarum
859 1897 1033 1928 earundem
1055 1897 1221 1933 inducant,
1244 1900 1277 1927 et
1299 1899 1458 1934 quantum
1480 1895 1512 1925 in
1535 1894 1579 1925 eis
1600 1897 1649 1925 est
1671 1893 1848 1924 defendant

568 1946 747 1984 inductum,
765 1946 912 1977 faciendo
929 1947 1031 1977 eidem
1049 1947 1179 1978 domino
1197 1947 1245 1984 T.‚
1264 1946 1314 1976 vel
1332 1944 1531 1984 procuratori
1548 1954 1606 1974 suo
1623 1943 1690 1974 eius
1706 1942 1845 1981 nomine,

568 1996 607 2027 de
625 1996 767 2034 ipsorum
786 1996 1003 2035 canonicatus,
1024 1996 1184 2035 prebende
1202 2000 1234 2027 et
1253 1994 1450 2026 thesaurarie
1468 1994 1636 2031 fructibus,
1656 1992 1846 2030 redditibus,

567 2046 778 2084 prouentibus
790 2050 823 2077 et
835 2046 957 2077 iuribus
969 2046 1125 2077 uniuersis
1138 2050 1234 2085 prout
1247 2046 1287 2076 ad
1300 2056 1353 2076 eos
1366 2044 1505 2084 pertinet
1518 2044 1639 2082 integre
1652 2042 1845 2080 responderi.

567 2096 645 2135 Nos,
662 2096 812 2127 Decanus
827 2100 859 2127 et
874 2096 1062 2135 Capitulum
1077 2096 1219 2135 predicte
1234 2096 1330 2127 Ebor’
1346 2094 1475 2126 ecclesie
1493 2093 1726 2133 perpendentes
1741 2092 1848 2130 priua-

567 2146 690 2177 cionem
709 2146 749 2177 de
767 2156 832 2185 qua
851 2146 1050 2184 premittitur
1068 2157 1105 2178 eo
1124 2150 1269 2184 tempore
1287 2146 1411 2176 factum
1430 2144 1526 2175 fuisse
1545 2154 1609 2182 quo
1628 2142 1846 2174 serenissimus

567 2196 714 2234 princeps
737 2196 887 2228 dominus
911 2196 1099 2235 Edwardus,
1125 2196 1187 2227 Dei
1210 2195 1317 2235 gracia
1341 2196 1410 2226 Rex
1433 2194 1546 2233 Anglie
1569 2193 1710 2230 illustris,
1735 2191 1847 2223 Archi-

549 2284 567 2299 ³¹
586 2291 616 2308 or
628 2283 704 2314 Ross,
713 2286 854 2314 precentor
863 2283 891 2309 of
902 2283 978 2309 York
988 2283 1147 2309 since 1289.
1202 2283 1267 2308 1283
1286 2282 1340 2308 and
1358 2281 1520 2313 archbishop
1539 2281 1666 2306 1300—04.
1702 2278 1740 2304 Le
1758 2278 1844 2309 Neve,

505 2319 543 2346 Le
556 2320 642 2353 Neve,
656 2320 691 2353 iii,
709 2322 767 2346 154.
1200 2320 1234 2351 iii,
1250 2321 1308 2351 206,
1324 2320 1383 2345 212.

549 2358 568 2373 ³²
587 2357 760 2389 Prebendary
773 2357 802 2383 of
817 2357 973 2389 Stillington
989 2357 1017 2383 in
1033 2359 1106 2389 1273,
1121 2357 1150 2383 of
1245 2359 1263 2373 ³³
1282 2357 1427 2382 Audientia
1440 2356 1596 2381 Litterarum
1609 2354 1842 2385 contradictarum,

504 2393 677 2420 Osbaldwick
692 2395 719 2420 in
735 2396 809 2427 1279,
825 2395 976 2421 chancellor
988 2395 1016 2421 of
1030 2395 1106 2421 York
1121 2395 1149 2420 in
1200 2404 1217 2420 a
1239 2394 1414 2427 department
1436 2393 1464 2419 of
1487 2393 1533 2418 the
1555 2391 1637 2424 papal
1660 2391 1793 2422 chancery
1816 2390 1844 2416 in
