2112 2901
495 183 543 219 20

776 190 897 217 CASES
924 188 1084 214 BEFORE
1111 188 1191 213 THE
1219 186 1357 212 KING'S
1384 186 1561 212 COUNCIL

560 271 672 302 cadem
698 267 912 300 Thesauraria
936 267 1023 305 apud
1048 266 1152 304 ipsam
1177 265 1285 296 sedem
1310 267 1458 302 vacante,
1484 264 1551 302 ipse
1576 263 1724 295 dominus
1750 263 1840 301 Papa

560 320 696 351 contulit
713 329 784 350 eam
801 317 932 349 domino
946 316 1114 347 Francisco
1131 315 1315 353 Gaytano15
1330 314 1440 352 nepoti
1456 324 1514 345 suo
1530 313 1625 352 plena
1639 313 1714 344 sede
1730 313 1838 351 Ebor’,

561 380 658 409 quam
676 369 743 407 ipse
761 367 910 399 dominus
927 365 1115 397 Franciscus
1132 365 1262 403 pacifice
1281 364 1417 402 adeptus
1434 363 1506 401 fuit,
1525 366 1558 394 et
1575 373 1676 402 usque
1693 363 1734 393 ad
1752 372 1841 393 men-

559 431 625 452 scm
642 417 806 449 Februarii
827 416 1007 456 proximum
1024 415 1213 454 preteritum
1229 414 1346 453 quiete,
1364 413 1487 444 notorie
1503 416 1535 444 et
1550 413 1617 443 sine
1633 411 1842 443 contradicci-

560 480 619 501 one
633 467 783 507 possedit,
798 466 976 506 quinimmo
991 465 1139 496 dominus
1154 465 1222 496 Rex
1236 463 1442 494 manutenuit
1455 473 1528 494 eum
1542 462 1574 492 in
1588 462 1650 500 illa,
1664 462 1840 493 concedens

559 519 619 551 sibi
647 528 704 557 pro
731 517 785 548 illa
814 517 938 547 litteras
963 514 1131 553 attornati,
1158 518 1271 545 contra
1295 524 1357 552 que
1382 516 1513 552 propter
1532 512 1686 551 premissa
1710 512 1750 543 de
1773 511 1841 542 iure

560 568 661 600 veniri
687 577 752 599 non
779 566 889 604 debet;
926 575 1038 596 verum
1065 565 1106 595 ad
1133 563 1368 603 suggestionem
1395 562 1586 601 aliquorum,
1614 561 1683 600 ipso
1710 561 1841 592 domino

561 617 730 649 Francisco
745 627 810 648 non
824 615 949 647 monito
965 626 1022 646 nec
1038 615 1138 646 citato
1154 613 1302 652 legitime,
1319 616 1368 644 set
1383 613 1415 643 in
1431 612 1561 644 remotis
1577 615 1691 650 agente
1706 610 1840 649 notorie,

560 668 679 700 scilicet
700 667 732 697 in
753 666 909 705 Anagina,
932 676 969 696 ex
990 664 1230 703 dispensacione
1251 667 1360 694 tamen
1381 662 1556 701 apostolice
1576 661 1669 700 sedis,
1691 672 1748 692 nec
1770 671 1842 699 pro-

560 721 740 749 curatorem
758 716 897 747 habente
914 725 1009 754 super
1026 715 1096 752 hoc,
1115 724 1172 745 nec
1190 713 1327 744 debente
1344 712 1471 750 habere,
1490 722 1563 743 cum
1582 711 1660 742 alias
1676 721 1740 743 non
1758 714 1842 742 esset

560 767 620 800 sibi
638 770 729 798 mota
747 765 873 806 questio
892 775 987 804 super
1004 764 1071 796 iure
1087 764 1172 795 dicte
1190 762 1413 801 Thesaurarie,
1432 772 1490 793 nec
1506 764 1689 801 speraretur
1707 759 1840 797 moueri,

562 829 634 849 cum
655 820 738 848 esset
759 816 792 847 in
815 815 949 854 pacifica
971 813 1167 853 possessione
1187 813 1329 844 eiusdem
1349 816 1382 844 et
1404 811 1517 843 fuisset
1539 822 1595 850 per
1614 810 1788 842 triennium
1809 814 1843 842 et

561 868 657 905 ultra,
672 866 760 898 nullo
774 866 978 902 reclamante,
994 865 1061 902 ipse
1075 863 1224 895 dominus
1238 863 1307 894 Rex
1321 861 1568 893 Thesaurariam
1582 861 1685 899 ipsam
1699 861 1842 892 Waltero

561 918 600 948 de
618 916 823 954 Bedewynde
840 915 986 952 contulit,
1004 918 1037 945 et
1053 914 1158 952 ipsum
1175 913 1207 943 in
1224 912 1307 943 illius
1324 911 1520 950 possessione
1536 910 1706 942 mandauit
1722 910 1840 949 induci,

561 971 593 998 et
605 967 756 997 inductus
769 965 841 1003 fuit,
855 969 887 996 et
899 965 942 995 sic
955 964 1022 1002 ipse
1034 963 1183 995 dominus
1196 962 1383 993 Franciscus
1394 964 1444 992 est
1455 961 1509 992 illa
1520 960 1662 992 indebite
1674 960 1840 999 spoliatus.

560 1017 666 1056 Quare
682 1026 754 1047 cum
770 1026 807 1046 ex
828 1014 987 1053 premissis
1008 1016 1163 1052 appareat
1182 1012 1352 1043 manifeste
1367 1011 1491 1042 dictum
1511 1010 1678 1042 dominum
1698 1009 1843 1041 Francis-

561 1077 634 1098 cum
648 1065 796 1097 habuisse
810 1068 842 1096 et
856 1064 975 1095 habere
989 1063 1119 1102 plenum
1133 1062 1181 1093 ius
1194 1062 1227 1092 in
1242 1062 1330 1093 dicta
1343 1061 1565 1098 Thesauraria,
1581 1064 1614 1091 et
1627 1070 1698 1091 eam
1712 1059 1843 1098 pacifice

561 1116 747 1155 possedisse,
759 1125 795 1146 ac
812 1125 850 1145 ea
865 1124 927 1153 que
943 1117 1055 1144 contra
1071 1112 1208 1144 eundem
1224 1112 1256 1142 in
1273 1111 1433 1150 premissis
1448 1114 1524 1142 sunt
1540 1113 1740 1149 attemptata
1754 1109 1844 1141 facta

561 1177 628 1197 esse
641 1165 791 1196 iniuriose
804 1167 837 1195 et
851 1167 964 1195 contra
978 1163 1148 1201 iusticiam,
1163 1165 1196 1193 et
1210 1162 1311 1193 eciam
1325 1161 1401 1200 quia
1414 1161 1477 1192 fuit
1490 1160 1665 1191 inhibitum
1679 1159 1843 1191 familiari-

561 1216 621 1247 bus
639 1215 739 1254 ipsius
758 1213 879 1246 domini
899 1213 1059 1244 Francisci
1078 1216 1111 1244 et
1130 1211 1279 1243 omnibus
1298 1211 1368 1242 aliis
1386 1211 1435 1242 ius
1454 1221 1549 1242 suum
1567 1209 1752 1242 volentibus
1771 1219 1843 1249 pro-

561 1276 688 1304 ponere,
705 1274 761 1296 seu
776 1264 877 1295 eciam
894 1263 1039 1302 allegare,
1056 1262 1118 1294 sub
1135 1272 1217 1300 pena
1233 1260 1393 1300 capcionis
1408 1271 1464 1300 per
1479 1260 1603 1292 litteras
1619 1259 1745 1299 Regias,
1762 1269 1844 1299 quas

561 1326 626 1347 non
644 1318 693 1346 est
711 1313 881 1345 verisimile
899 1323 956 1344 nec
975 1312 1114 1344 creditur
1133 1311 1171 1342 de
1190 1311 1268 1343 dicti
1286 1310 1408 1342 domini
1427 1310 1522 1349 Regis
1541 1309 1738 1342 consciencia
1757 1319 1843 1341 ema-

562 1375 663 1403 nasse,
691 1374 828 1403 quorum
855 1362 1049 1394 familiarum
1076 1362 1143 1393 duo
1169 1362 1274 1393 adhuc
1301 1361 1487 1392 detinentur
1512 1359 1695 1398 attachiati,
1723 1359 1844 1391 scilicet

562 1415 720 1453 Magister
735 1413 923 1445 Franciscus
934 1413 973 1444 de
984 1413 1105 1450 Luco‚¹⁶
1118 1412 1311 1450 Capellanus
1322 1410 1444 1442 domini
1455 1409 1615 1441 Francisci
1629 1409 1843 1448 Cardinalis,¹⁷

561 1469 595 1497 et
616 1465 769 1502 Thomas,
791 1473 891 1501 nepos
912 1463 988 1500 eius,
1012 1465 1124 1493 contra
1145 1462 1241 1492 deum
1262 1464 1295 1492 et
1317 1460 1487 1498 iusticiam,
1509 1460 1583 1491 licet
1604 1459 1637 1490 in
1657 1460 1745 1491 nullo
1767 1459 1843 1491 deli-

562 1514 701 1553 querint,
715 1514 841 1552 placeat
855 1522 910 1551 per
923 1522 981 1543 vos
994 1511 1082 1543 dicta
1095 1511 1283 1551 grauamina
1296 1510 1365 1542 tolli
1378 1514 1412 1541 et
1425 1509 1576 1548 reuocari,
1591 1513 1624 1541 et
1637 1509 1724 1548 quod
1737 1509 1844 1541 dictus

563 1564 711 1596 dominus
730 1562 917 1594 Franciscus
935 1561 1003 1593 sine
1020 1561 1168 1593 molestia
1185 1565 1218 1592 et
1237 1560 1494 1592 contradiccione
1513 1559 1703 1598 cuiusquam
1721 1559 1843 1591 dictam

562 1613 808 1645 Thesaurariam
825 1616 858 1643 et
873 1612 943 1643 iura
958 1611 1059 1650 ipsius
1074 1611 1207 1650 pacifice
1223 1611 1382 1650 possidere
1398 1610 1507 1641 valeat
1522 1613 1556 1641 et
1570 1610 1697 1641 habere.

555 1665 599 1695 Et
625 1663 782 1703 peticione
808 1662 863 1693 illa
888 1662 1012 1700 plenius
1039 1662 1202 1692 intellecta
1228 1661 1390 1700 quesitum
1417 1663 1466 1691 est
1492 1670 1512 1690 a
1538 1659 1664 1698 prefato
1757 1660 1776 1677 ¹¹
1787 1659 1843 1698 qui

501 1715 635 1746 eandem
654 1713 845 1752 peticionem
863 1712 1017 1749 exhibuit,
1035 1711 1061 1742 si
1079 1711 1156 1750 quid
1174 1711 1260 1742 aliud
1279 1721 1316 1742 ex
1333 1713 1426 1749 parte
1443 1709 1560 1748 prefati
1578 1709 1768 1747 Cardinalis,
1787 1719 1843 1740 seu

502 1774 559 1803 pro
574 1767 665 1802 parte
680 1762 816 1801 predicti
830 1761 990 1792 Francisci
1004 1771 1099 1799 super
1113 1761 1273 1800 premissis
1287 1760 1366 1791 velit
1380 1760 1483 1791 dicere
1497 1759 1548 1790 vel
1562 1769 1727 1797 exponere,
1744 1769 1843 1797 quam

500 1824 539 1845 ea

560 1824 622 1852 que
645 1812 851 1844 continentur
872 1811 904 1842 in
927 1811 1085 1850 peticione
1107 1811 1261 1849 predicta,
1284 1820 1340 1841 seu
1362 1809 1483 1848 aliquid
1505 1809 1538 1839 in
1560 1809 1630 1847 ipsa
1652 1811 1843 1840 contentum

500 1863 633 1894 ulterius
655 1862 814 1893 declarare
836 1864 896 1892 etc.
904 1871 911 1899 ;
944 1860 999 1900 qui
1021 1861 1099 1892 dicit
1120 1860 1207 1899 quod
1229 1870 1303 1898 non,
1325 1863 1374 1891 set
1395 1859 1554 1890 instanter
1575 1858 1658 1897 petit
1680 1858 1843 1897 prefatum

500 1912 705 1944 Franciscum
737 1911 778 1942 ad
810 1910 1039 1949 possessionem
1072 1910 1213 1949 predicte
1241 1909 1451 1941 Thesaurarie
1479 1908 1609 1940 admitti
1637 1911 1670 1939 et
1716 1907 1843 1939 restitui

546 1993 566 2007 ¹⁵
584 1991 639 2017 Son
673 1991 700 2016 of
734 1991 814 2015 Peter
842 1989 936 2016 Count
964 1989 992 2015 of
1021 1988 1144 2021 Caserta,

499 2029 613 2061 nephew
646 2028 675 2054 of
709 2026 840 2054 Cardinal
874 2026 986 2052 Francis
1020 2026 1146 2052 Gaetano

500 2065 658 2092 mentioned
683 2065 776 2097 below,
802 2064 858 2090 and
882 2063 1094 2096 grand-nephew
1118 2063 1147 2089 of

500 2104 574 2136 Pope
587 2103 718 2129 Boniface
730 2102 800 2128 VIII
816 2101 1017 2134 (Gregorovius,
1032 2110 1057 2132 v,
1072 2102 1145 2131 540).

500 2141 612 2167 Besides
635 2140 682 2166 the
705 2139 841 2172 prebends
863 2139 892 2165 of
915 2138 1147 2170 Knaresborough

500 2179 555 2205 and
576 2178 734 2209 Stillington
755 2177 809 2203 dio.
831 2176 908 2202 York
931 2177 980 2207 (Le
1002 2177 1087 2208 Neve,
1110 2176 1145 2207 iii,

502 2217 559 2247 196,
580 2217 652 2247 212),
673 2215 707 2241 he
726 2214 789 2240 held
808 2214 865 2240 also
884 2214 932 2240 the
950 2213 1148 2246 treasurership

499 2253 529 2280 of
547 2254 636 2279 Tours
656 2252 711 2278 and
730 2251 871 2278 canonries
890 2251 945 2277 and
965 2251 1100 2283 prebends
1120 2251 1147 2276 in

501 2291 597 2323 Rome,
630 2290 705 2315 Paris
735 2289 790 2315 and
820 2289 927 2321 Anagni
960 2288 1028 2319 (Cal.
1060 2289 1148 2320 Papal

501 2328 605 2360 Lesters,
624 2327 639 2359 i,
659 2327 732 2358 611).
771 2327 805 2352 In
822 2327 899 2359 May,
920 2327 994 2358 1303,
1013 2326 1061 2352 the
1077 2334 1148 2358 pope

500 2365 606 2391 further
621 2364 754 2397 provided
770 2364 826 2389 him
842 2367 871 2389 to
888 2363 935 2390 the
950 2363 1148 2395 treasurership

499 2402 528 2429 of
543 2402 620 2428 York
635 2401 702 2428 then
716 2401 817 2427 voided
832 2401 869 2433 by
886 2401 933 2427 the
948 2400 1104 2433 promotion
1120 2400 1148 2426 of

1191 1988 1335 2014 Theobald
1350 1988 1384 2014 de
1399 1988 1462 2013 Bar.
1496 1987 1547 2013 His
1562 1987 1641 2013 claim
1657 1989 1686 2013 to
1702 1986 1757 2012 this
1772 1986 1844 2019 posi-

1192 2026 1258 2058 tion,
1287 2025 1375 2051 which
1401 2025 1423 2051 is
1449 2034 1510 2051 now
1536 2024 1665 2057 disputed
1691 2024 1728 2057 by
1756 2024 1843 2050 Bede-

1192 2063 1297 2096 wynde,
1328 2063 1361 2089 he
1389 2062 1559 2088 maintained
1587 2062 1706 2094 through
1734 2070 1751 2087 a
1778 2061 1843 2094 long

1193 2109 1287 2127 course
1308 2101 1336 2126 of
1357 2100 1493 2132 litigation
1515 2099 1585 2126 until
1609 2101 1684 2131 1316,
1708 2099 1787 2125 when
1809 2098 1843 2125 he

1192 2138 1245 2164 lost
1258 2138 1293 2164 all
1307 2138 1348 2164 his
1361 2138 1494 2164 benefices
1506 2137 1544 2170 by
1557 2146 1573 2163 a
1586 2136 1800 2163 determination
1812 2139 1842 2163 to

1193 2185 1293 2208 marry.
1334 2175 1416 2206 (Ibid.
1431 2175 1456 2207 ii,
1472 2176 1544 2206 344.)

1238 2215 1257 2229 ¹⁵
1275 2214 1313 2239 At
1335 2213 1383 2239 the
1404 2215 1514 2244 request
1532 2212 1561 2238 of
1580 2211 1712 2238 Cardinal
1732 2210 1844 2237 Francis

1194 2250 1320 2277 Gaetano
1337 2250 1371 2276 he
1387 2258 1442 2276 was
1458 2249 1592 2282 provided
1608 2249 1645 2281 by
1663 2249 1710 2275 the
1726 2257 1798 2281 pope
1814 2248 1843 2274 in

1195 2289 1261 2314 1316
1277 2291 1306 2314 to
1321 2296 1337 2314 a
1352 2296 1473 2320 canomy
1488 2287 1543 2313 and
1557 2286 1679 2319 prebend
1693 2286 1721 2312 in
1736 2286 1784 2312 the
1798 2294 1843 2312 see

1193 2326 1221 2351 of
1241 2325 1317 2351 York
1341 2325 1408 2356 (Cal.
1431 2325 1499 2356 Pap.
1520 2325 1624 2355 Letters,
1646 2323 1663 2355 i,
1687 2324 1758 2354 125).
1799 2324 1843 2349 He

1193 2371 1248 2389 was
1264 2362 1376 2395 holding
1391 2362 1439 2388 the
1455 2361 1576 2394 prebend
1592 2361 1620 2387 of
1636 2360 1843 2393 Laughton-en-

1192 2399 1362 2426 le-Morthen
1376 2400 1404 2425 in
1419 2401 1486 2426 1318
1502 2399 1550 2430 (Le
1565 2399 1650 2431 Neve,
1665 2397 1691 2430 ii,
1706 2398 1780 2429 200).
