2112 2901
467 163 515 198 49
749 172 870 198 CAsns
897 171 1057 197 BEFORE
1084 171 1164 196 THE
1192 171 1330 197 KING⁷s
1357 170 1534 196 COUNcu,

468 249 619 288 nadgairs
634 249 663 280 le
678 249 804 280 manoir
819 249 858 280 de
873 249 1074 280 Wendouere
1090 248 1204 280 deuers
1218 248 1249 280 la
1264 248 1331 279 dite
1347 248 1418 279 Gile
1434 258 1492 286 par
1506 248 1694 287 juggement
1709 248 1811 280 rendu

469 310 523 330 sur
538 299 620 330 brief
635 299 674 330 de
690 299 776 330 Scire
791 298 891 330 facias
906 299 916 317 ⁶
931 309 971 329 en
987 298 1017 330 la
1033 298 1242 330 chancellerie
1257 301 1366 329 nostre
1381 297 1509 336 seignur
1523 298 1552 329 le
1568 297 1630 329 Roi
1645 308 1662 329 0
1677 297 1769 329 deins
1782 298 1811 330 le

470 360 581 388 proces
593 349 703 380 record
717 360 734 380 e
747 348 861 379 rendre
874 348 917 378 du
931 348 980 379 dit
992 348 1180 387 juggement
1193 348 1335 379 diuerses
1347 358 1472 379 errours
1485 347 1686 379 auiendrent.
1721 347 1812 379 Plese

468 410 488 430 a
500 402 608 430 nostre
621 398 669 429 dit
682 398 809 437 seignur
821 398 849 429 le
862 397 924 429 Roi
936 408 953 429 e
964 408 1023 429 son
1034 396 1154 429 00115011
1166 398 1206 429 (10
1218 397 1297 429 faire
1309 397 1400 428 venir
1411 397 1456 428 les
1468 397 1534 428 ditz
1547 397 1658 428 record
1671 408 1688 428 e
1700 408 1812 436 proces

468 459 508 479 en
522 448 703 487 parlement
716 459 733 479 e
746 448 858 479 auxint
874 447 904 479 la
918 447 985 479 dite
999 447 1070 479 Gile
1083 458 1100 479 e
1114 457 1171 479 son
1186 447 1303 479 conseil
1317 447 1481 485 dassigner
1494 447 1539 478 les
1551 457 1676 478 errours
1690 447 1812 478 susditz

468 509 507 536 qe
525 498 564 530 lei
581 509 597 529 e
615 508 706 529 reson
723 497 768 528 lui
784 501 841 529 ent
862 497 966 529 soient
987 497 1092 529 faites.
1152 498 1224 536 Qua
1241 497 1400 536 peticione
1416 497 1449 527 in
1466 496 1680 535 parliamento
1697 496 1811 528 audita.

468 548 593 579 dictum
610 548 673 578 suit
690 558 746 586 per
762 548 940 586 Magnatos
956 550 990 578 et
1006 547 1087 578 alios
1107 547 1147 578 de
1165 547 1297 578 consilio
1318 546 1415 585 Regis
1436 546 1469 576 in
1489 546 1577 577 dicto
1598 546 1812 584 parliamento

467 597 641 629 existentes
655 597 815 636 Episcopo
829 597 948 628 Eliensi
962 597 1162 628 Cancellario
1176 598 1187 615 ⁷
1201 596 1298 636 Regis
1310 597 1397 635 quod
1410 596 1520 628 venire
1531 595 1632 627 faciat
1643 596 1813 627 recordum

467 651 500 679 et
514 658 697 686 processum
711 647 796 678 unde
809 647 842 677 in
855 647 943 678 dicta
956 647 1115 685 peticione
1128 647 1165 677 fit
1177 646 1303 678 mencio
1315 646 1367 677 hic
1380 646 1412 676 in
1425 646 1639 685 parliamento
1655 646 1811 684 predicto,

467 697 523 736 qui
537 697 650 729 eadem
665 696 833 728 recordum
847 700 880 728 et
895 707 1079 735 processum
1093 696 1213 728 ibidem
1227 696 1343 727 deferri
1357 696 1434 727 fecit
1448 706 1586 734 quorum
1601 699 1694 727 tenor
1708 696 1813 735 sequi-

468 751 521 777 tur
542 747 574 777 in
595 747 653 778 hec
674 747 784 778 verba.
852 747 1014 778 Dominus
1036 747 1105 778 Rex
1130 747 1301 778 mandavit
1322 747 1419 778 breve
1445 756 1539 776 suum
1563 745 1597 776 in
1621 745 1680 777 hec
1700 746 1811 777 verba.

468 797 648 828 Edwardus
661 797 712 828 dei
725 796 832 835 gracia
845 797 914 828 Rex
926 796 1040 835 Anglie
1053 796 1215 828 Dominus
1228 796 1382 827 Hibernie
1395 799 1428 827 et
1440 795 1616 834 Aquitanie
1629 795 1812 827 vicecomiti

467 847 551 877 Buk’
568 847 716 878 salutem.
758 847 843 877 Cum
854 846 886 876 in
898 850 1043 877 tractatu
1058 846 1146 884 pacis
1160 846 1244 877 inter
1257 856 1315 877 nos
1327 849 1359 877 et
1373 846 1391 877 J
1394 846 1555 877 ohannem
1569 855 1672 883 nuper
1690 845 1812 884 Regem

468 896 602 928 Francie
618 897 704 928 facte
720 900 753 928 et
770 907 826 935 per
841 907 900 927 nos
915 897 1022 935 jurate
1037 897 1048 915 8
1064 896 1148 927 inter
1165 899 1271 927 cetera
1288 895 1493 927 contineatur
1509 895 1596 933 quod
1614 905 1687 926 cum
1703 895 1813 926 omnia

468 950 552 978 terre
577 950 765 978 tenementa
789 949 823 977 et
848 946 1063 984 possessiones
1089 945 1340 984 alienigenarum
1366 945 1406 976 de
1431 948 1595 983 potestate
1621 944 1755 976 Francie
1780 944 1813 975 in

467 1007 601 1027 manum
619 1000 763 1027 nostram
781 996 947 1027 occasione
964 1006 1075 1034 guerre
1092 995 1227 1026 Francie
1244 1006 1345 1034 nuper
1363 998 1460 1033 capta
1476 994 1611 1033 prefatis
1627 994 1813 1033 alienigenis

468 1046 715 1077 restituantu1·:⁹
735 1049 768 1077 et
781 1046 848 1084 jam
863 1056 900 1077 ex
915 1049 1007 1084 parte
1022 1045 1158 1076 Roberti
1169 1045 1209 1076 de
1221 1045 1356 1076 Fiennes
1371 1045 1410 1075 de
1422 1044 1558 1075 Francia
1569 1044 1661 1075 nobis
1676 1047 1725 1075 est
1739 1054 1815 1083 sup-

469 1096 625 1134 plicatum
642 1099 679 1126 ut
696 1106 769 1126 cum
787 1095 950 1126 Robertus
966 1095 1051 1126 filius
1066 1095 1217 1127 Willelmi
1233 1095 1273 1126 de
1290 1095 1426 1126 Fiennes
1442 1094 1615 1125 defunctus
1632 1094 1813 1125 auunculus

468 1156 546 1176 suus
561 1146 688 1177 seisitus
703 1145 817 1176 fuisset
831 1145 864 1175 in
880 1145 1041 1176 dominico
1057 1156 1114 1176 suo
1130 1148 1167 1176 ut
1183 1145 1222 1176 de
1238 1145 1332 1176 feodo
1346 1144 1385 1175 de
1400 1143 1544 1175 manerio
1558 1144 1598 1175 de
1611 1144 1813 1175 Wendouere

469 1206 542 1226 cum
562 1195 767 1234 pertinenciis
785 1195 818 1225 in
837 1195 996 1226 comitatu
1015 1195 1160 1233 predicto
1179 1195 1230 1226 die
1253 1205 1317 1233 quo
1340 1194 1520 1225 manerium
1543 1193 1622 1224 illud
1646 1193 1813 1225 occasione

467 1256 579 1284 guerre
606 1245 749 1284 predicte
776 1245 921 1276 seisitum
948 1245 1011 1276 fuit
1038 1245 1070 1275 in
1102 1255 1236 1275 manum
1266 1247 1411 1275 nostram
1423 1255 1429 1282 ;
1466 1243 1603 1275 velimus
1633 1243 1814 1274 manerium

468 1295 547 1326 illud
563 1305 635 1326 cum
650 1295 857 1333 pertinenciis
870 1295 974 1326 eidem
990 1295 1134 1326 Roberto
1149 1295 1188 1326 de
1203 1295 1228 1324 F
1230 1294 1339 1326 iennes
1353 1297 1390 1324 ut
1405 1293 1642 1332 consanguineo
1657 1296 1690 1324 et
1704 1293 1814 1324 heredi

469 1345 605 1383 predicti
622 1344 757 1376 Roberti
774 1344 829 1375 filii
845 1344 995 1376 Willelmi
1011 1345 1104 1384 juxta
1120 1344 1257 1375 formam
1274 1347 1307 1375 et
1323 1344 1475 1375 effectum
1491 1343 1580 1381 pacis
1595 1343 1738 1381 predicte
1754 1343 1814 1374 lib-

468 1395 549 1426 erari
565 1395 690 1434 jubere:
720 1405 779 1425 nos
793 1394 940 1426 volentes
955 1394 1059 1426 eidem
1075 1395 1220 1425 Roberto
1236 1394 1276 1425 de
1294 1393 1431 1425 Fiennes
1444 1393 1573 1431 plenam
1593 1395 1627 1424 et
1648 1393 1782 1424 celerem
1794 1394 1815 1412 ¹⁰

467 1445 632 1484 justiciam
652 1444 719 1475 fieri
738 1444 771 1474 in
790 1444 851 1475 hac
870 1448 963 1482 parte
981 1444 1075 1483 juxta
1094 1444 1232 1475 formam
1252 1443 1341 1482 pacis
1360 1443 1504 1482 predicte
1522 1446 1556 1474 et
1574 1445 1672 1481 prout
1691 1443 1732 1473 ad
1752 1443 1813 1474 hoc

468 1494 598 1525 vinculo
611 1494 787 1533 juramenti
802 1497 950 1525 tenemur
964 1494 1023 1525 tibi
1038 1493 1232 1532 precipimus
1246 1494 1333 1532 quod
1347 1493 1427 1524 scire
1441 1492 1540 1524 facias
1552 1491 1666 1532 Egidie
1677 1503 1740 1531 que
1751 1492 1814 1523 fuit

468 1555 548 1575 uxor
559 1545 578 1575 J
581 1543 717 1575 ohannis
731 1544 770 1575 de
783 1544 917 1582 Molyns
930 1554 993 1582 que
1006 1543 1131 1575 dictum
1144 1543 1325 1575 manerium
1339 1546 1429 1574 tenet
1442 1546 1480 1573 ut
1493 1542 1612 1574 dicitur
1624 1542 1712 1581 quod
1725 1542 1768 1573 sit
1780 1542 1814 1572 in

469 1594 671 1625 Cancellaria
689 1597 801 1624 nostra
820 1593 852 1624 in
873 1594 1007 1625 Octabis
1027 1593 1131 1625 sancti
1153 1593 1324 1625 Michaelis
1344 1593 1487 1631 proxime
1507 1592 1626 1623 futuris
1640 1593 1660 1611 ¹¹
1682 1592 1817 1623 ubicun-

468 1654 531 1682 que
549 1647 627 1674 tunc
647 1643 744 1674 fuerit
758 1645 779 1663 ¹2
796 1643 838 1675 ad
857 1644 1095 1675 ostendendum
1114 1644 1139 1674 si
1162 1643 1240 1682 quid
1263 1654 1321 1682 pro
1345 1653 1378 1674 se
1400 1643 1521 1673 habeat
1538 1642 1590 1673 vel
1611 1642 1716 1673 dicere
1734 1641 1816 1673 sciat

468 1704 568 1732 quare
583 1693 763 1724 manerium
780 1694 961 1732 predictum
979 1704 1052 1725 cum
1068 1693 1274 1732 pertinenciis
1289 1693 1323 1723 in
1338 1703 1472 1724 manum
1488 1695 1634 1723 nostram
1650 1691 1768 1723 resumi
1783 1694 1817 1723 et

469 1743 596 1782 prefato
612 1743 757 1774 Roberto
773 1743 812 1774 de
828 1744 853 1774 F
855 1743 965 1774 iennes
980 1747 1017 1774 ut
1034 1743 1270 1782 consanguineo
1285 1744 1306 1762 ¹³
1321 1746 1354 1774 et
1370 1742 1591 1781 propinquiori
1606 1741 1716 1772 heredi
1731 1741 1817 1780 ejus-

1168 1824 1269 1854 treaty.
1315 1822 1423 1853 “Item,
1450 1821 1648 1846 concordatum
1673 1823 1715 1846 est
1740 1819 1816 1852 quod

1168 1862 1257 1885 terrae
1269 1859 1448 1885 bannitorum
1461 1862 1489 1884 et
1502 1857 1720 1888 adhaerentium,
1734 1856 1816 1883 unius

1168 1896 1255 1929 partis
1277 1899 1305 1922 et
1328 1895 1448 1928 alterius,
1473 1899 1501 1921 et
1523 1895 1608 1921 etiam
1630 1894 1814 1926 ecelesiarum,

515 1824 524 1838 θ
544 1823 559 1834 “
572 1823 596 1848 Α
612 1822 673 1848 writ
688 1822 808 1854 judicial,
826 1825 898 1848 most
914 1822 1071 1854 commonly
1087 1825 1116 1848 to

469 1859 520 1885 call
542 1868 559 1885 a
580 1868 645 1885 man
667 1862 696 1885 to
718 1859 792 1885 shew
813 1868 894 1885 cause
916 1863 946 1885 to
968 1860 1015 1885 the
1037 1863 1117 1885 court

469 1897 579 1923 whence
594 1897 615 1922 it
630 1897 715 1922 issucs
729 1897 792 1929 why
807 1897 950 1923 execution
965 1897 993 1923 of
1008 1906 1023 1922 a
1037 1897 1117 1929 judg-

470 1937 546 1960 ment
557 1934 655 1966 passed
666 1934 765 1960 should
774 1938 824 1960 not
834 1935 868 1960 be
879 1935 960 1960 made
970 1938 1028 1960 out.
1057 1934 1117 1960 The

470 1972 531 1997 writ
552 1972 574 1997 is
597 1975 646 1997 not
668 1972 784 2004 granted
807 1972 877 1997 until
900 1981 915 1998 a
938 1981 1004 2004 year
1024 1972 1080 1997 and
1101 1981 1117 1997 a

470 2010 525 2042 day
539 2009 573 2035 be
591 2009 701 2041 elapsed
720 2009 792 2035 after
809 2018 825 2035 a
842 2009 988 2041 judgment
1007 2009 1115 2041 given.’'

470 2047 495 2073 J.
531 2046 631 2078 Cowel,
670 2047 836 2079 Interpreler‚
871 2047 915 2073 ed.
953 2048 1028 2080 1701,
1065 2047 1117 2072 sub

473 2085 487 2097 ⁸
499 2084 601 2110 Scire.''

517 2123 526 2138 ⁷
544 2121 638 2147 Simon
649 2121 800 2154 Langham,
811 2121 910 2154 bishop
920 2121 948 2147 01
958 2121 1019 2154 Ely‚
1033 2123 1119 2147 1362—

470 2160 516 2191 66;
541 2159 703 2191 chancellor,
721 2161 849 2191 1363—66,
866 2159 1026 2185 afterwards
1041 2159 1118 2185 arch-

470 2196 569 2228 bishop
582 2197 610 2222 01
623 2196 807 2229 Canterbury.

517 2235 527 2250 ⁸
545 2235 649 2266 Treaty
673 2234 702 2260 os
726 2234 868 2266 Bretigny,
893 2235 910 2260 8
935 2235 1014 2267 May,
1041 2235 1116 2266 1360,

471 2271 620 2297 confirmed
634 2272 671 2304 by
684 2271 760 2303 King
773 2272 901 2303 Edward,
916 2273 949 2297 24
963 2272 1025 2298 Oct.
1042 2273 1118 2297 1360.

470 2309 503 2334 T.
521 2309 632 2341 Rymer‚
651 2309 757 2335 Foedera
776 2309 839 2340 (Ed.
859 2310 947 2341 1825),
966 2309 1020 2341 ΙΙΙ,
1038 2309 1055 2341 1,
1070 2318 1117 2342 pp.

517 2384 526 2399 ⁹
545 2383 612 2409 This
636 2383 719 2410 refers
744 2387 773 2410 to
799 2384 857 2415 §26
880 2384 909 2410 of
934 2384 980 2410 the
1003 2383 1119 2416 original

1168 1934 1249 1960 unius
1263 1933 1339 1966 regni
1354 1937 1381 1959 et
1397 1933 1518 1965 alterius,
1535 1936 1562 1958 et
1577 1932 1653 1965 quod
1668 1941 1762 1958 omnes
1777 1931 1817 1957 illi

1169 1971 1216 2004 qui
1230 1974 1296 1997 sunt
1311 1970 1509 1996 exhaereditati
1524 1973 1573 1996 aut
1588 1969 1691 1996 detrusi
1707 1979 1723 1996 a
1738 1969 1816 1995 terris

1168 2009 1224 2034 suis
1257 2008 1300 2034 vel
1334 2008 1553 2034 haereditatibus
1574 2028 1579 2033 .
1602 2027 1607 2033 .
1629 2027 1634 2033 .
1655 2010 1704 2033 aut
1737 2006 1816 2033 aliter

1166 2046 1275 2080 gravati
1291 2046 1536 2078 qualitercumque?
1552 2053 1634 2071 causa
1647 2044 1726 2070 istius
1739 2052 1817 2077 guer-

1168 2092 1222 2116 rae,
1237 2084 1421 2109 restituantur
1434 2083 1538 2115 integre
1551 2082 1579 2108 in
1597 2082 1699 2109 eisdem
1716 2083 1776 2114 jure
1788 2084 1817 2108 et

1169 2121 1338 2154 possessione
1353 2129 1424 2153 quae
1438 2120 1596 2146 habuerunt
1610 2123 1675 2146 ante
1689 2128 1817 2152 guerram

1169 2159 1321 2191 inceptam:
1356 2162 1385 2184 et
1410 2158 1485 2190 quod
1510 2157 1670 2183 omnimoda
1694 2156 1818 2182 forisfac-

1170 2199 1256 2228 turae,
1270 2196 1371 2222 delicta
1381 2199 1409 2222 et
1421 2195 1606 2228 misprisiones
1616 2194 1692 2220 facta
1702 2203 1751 2226 per
1761 2202 1816 2226 eos,

1171 2234 1213 2260 vel
1235 2242 1283 2266 per
1304 2242 1398 2259 eorum
1420 2233 1548 2265 aliquem,
1571 2232 1662 2258 medio
1684 2235 1815 2263 tempore,

1169 2271 1225 2297 sint
1243 2280 1275 2297 ex
1294 2274 1356 2297 toto
1375 2271 1505 2302 remissa;
1531 2273 1559 2296 et
1580 2269 1655 2302 quod
1675 2268 1729 2295 ista
1749 2269 1817 2295 fiant

1170 2308 1251 2335 citius
1268 2317 1323 2340 quo
1339 2308 1442 2341 poterit
1458 2308 1532 2334 bono
1548 2307 1639 2339 modo,
1657 2309 1685 2332 et
1701 2306 1737 2332 ad
1753 2305 1817 2331 ulti-

1170 2355 1255 2378 mum,
1273 2346 1344 2371 infra
1360 2354 1447 2371 unum
1463 2353 1567 2371 annum
1582 2343 1738 2377 proximum
1753 2345 1817 2375 post

1171 2384 1230 2410 Rex
1246 2383 1355 2410 recedet
1372 2383 1406 2410 de
1423 2382 1559 2409 Calesio.”
1599 2381 1714 2413 Foedera,
1728 2381 1746 2407 l.
1760 2389 1782 2407 s.
1794 2388 1818 2406 0.
